3428 5180
548 618 600 693 24
1337 663 1348 698 a,

519 707 645 823 ΙΜοῇς
666 730 727 798 bert
753 708 901 812 citavit„
934 723 1061 796 &cum
1086 722 1312 794 commentario
1328 715 1465 816 sapim·
1542 819 1549 830 ,

543 851 585 918 tis
605 848 741 942 perfidi
755 852 798 926 R.
823 850 953 943 Iosepdi
975 847 1132 938 Franses,
1148 845 1273 938 scilicet
1288 869 1358 922 cum
1383 870 1466 914 com·
1507 885 1510 892 =
1554 841 1555 846 ’

542 975 697 1042 mentatio
721 976 767 1042 ad
788 977 947 1044 dexteram
972 968 1124 1066 (addito)
1150 971 1192 1040 R.
1216 969 1286 1061 Jofl
1312 953 1466 1056 Fransts.
1562 1049 1565 1056 Ι
1623 957 1624 960 “

541 1091 707 1190 Imprcffits
732 1096 782 1164 iic
797 1097 953 1164 Ferrariae
978 1119 1069 1186 opera
1084 1092 1244 1160 Samuelis
1261 1093 1319 1160 ben
1334 1087 1466 1159 Askara'
1532 1071 1534 1077 Α

543 1215 658 1287 Galli.
682 1212 792 1289 Moses
817 1205 1044 1289 ben'chaviv
1069 1212 1204 1311 plenius
1228 1211 1262 1286 se
1294 1215 1331 1284 in
1363 1236 1467 1308 prae-

541 1333 670 1408 fatione
706 1337 854 1435 appellat
888 1335 1015 1410 Mosem
1048 1333 1153 1408 filium
1178 1337 1219 1408 R.
1252 1335 1351 1407 Scem
1385 1335 1466 1404 Tov

540 1481 585 1528 ex
598 1463 802 1557 cognatione
816 1459 886 1532 ben
902 1459 1034 1533 Chaviv
1047 1456 1197 1557 hispani,
1215 1459 1255 1534 ὃ(
1270 1481 1313 1532 ex
1328 1454 1467 1526 habita-

541 1577 674 1653 toribus
698 1605 890 1681 synagogae
917 1579 1049 1654 sanciae
1075 1575 1330 1684 olyffiponensrs
1354 1578 1391 1646 in
1415 1596 1486 1646 rer

540 1723 608 1798 gno
632 1701 844 1788 Lusitaniae,
867 1707 1142 1800 peregrinantem
1166 1705 1202 1772 in
1227 1703 1365 1772 civitate
1399 1695 1491 1794 hy-'·

541 1822 722 1906 druntina,
746 1846 834 1916 quae
859 1819 1004 1916 Apuliae
1028 1823 1194 1892 terminus
1216 1816 1262 1888 est
1286 1821 1321 1887 in
1337 1840 1468 1912 neapo-

539 1937 659 2010 litano
673 1940 848 2011 dominio.
871 1942 975 2032 Quod
990 1942 1032 2012 ad
1058 1941 1217 2011 editionis
1233 1941 1465 2009 conditionem

540 2064 687 2148 attinet,
711 2087 812 2159 quarn
838 2066 1012 2160 ignoravit
1036 2067 1076 2140 ὅ(
1100 2062 1207 2136 omisit
1223 2063 1465 2143 Plantavitius,

539 2186 631 2282 typis
666 2209 709 2257 ea
743 2185 896 2283 expreiia
921 2187 967 2261 est
1003 2189 1183 2284 quadratis!
1215 2207 1291 2256 curn
1329 2184 1464 2281 pundiis

540 2307 655 2402 quoad
678 2327 834 2412 textum,
858 2310 1041 2384 rabbin'icis
1074 2335 1180 2394 vero,
1221 2312 1335 2406 quoad
1370 2335 1466 2381 corn-

538 2433 742 2515 mentarios,
767 2435 806 2508 &
833 2419 1071 2531 ‘compiediitur
1096 2429 1178 2505 folia
1197 2455 1284 2508 122.
1308 2433 1375 2507 Sed
1391 2429 1464 2527 post

538 2552 726 2626 Bechinath
755 2547 844 2628 olant
880 2556 1029 2654 sequitur
1063 2555 1285 2633 celeberrima
1323 2559 1362 2630 ac
1394 2551 1465 2626 fusa

536 2659 693 2766 notioris¹
710 2690 813 2763 ³va
834 2677 891 2754 seu
911 2683 1063 2762 Oratio,
1080 2684 1173 2778 cujus
1187 2681 1336 2779 fingulae
1360 2702 1463 2750 voces

538 2822 560 2869 a
583 2797 700 2870 littera
722 2826 810 2874 mern
836 2807 1025 2902 incipiunt,
1051 2827 1127 2874 curn
1145 2801 1290 2900 ejusdem
1305 2796 1462 2875 Fransefii

540 2924 802 3009 commentariO,
830 2947 869 3019 13
899 2925 973 2998 aliis
996 2923 1086 2996 foliis
1111 2923 1284 3007 constans,
1319 2945 1460 3018 eamque

539 3040 683 3140 sequens
707 3049 833 3146 excipit
857 3043 1074 3148 epygraphez
1105 3046 1249 3116 diuitum
1275 3043 1308 3116 dr
1332 3050 1463 3139 absolu-

539 3189 606 3238 tum
639 3170 779 3266 estopus
799 3160 865 3241 'die
899 3188 964 3238 XV
1000 3167 1111 3264 menfis
1136 3166 1242 3268 Cofleu
1266 3194 1354 3237 anno
1378 3173 1461 3248 Μ’,

540 3290 611 3382 Qui
634 3293 757 3362 habitat
771 3292 836 3384 sub
860 3293 969 3361 umbra
993 3288 1158 3387 altifflmi,
1183 3284 1239 3362 seu
1263 3317 1328 3387 3¹2
1353 3293 1463 3362 mino-

539 3413 583 3482 ris
603 3416 795 3501 judaeorum
819 3418 1082 3511 supputationis.
1100 3413 1186 3486 Bina
1199 3417 1314 3512 priora
1330 3415 1461 3488 nostrae

538 3533 698 3608 editionis
722 3541 833 3634 capita
856 3563 933 3611 curn
956 3535 1065 3622 tribus
1090 3537 1162 3611 aliis
1198 3541 1281 3610 meis
1306 3535 1462 3612 editioni·

538 3649 624 3734 bus,
667 3655 872 3744 soncinensr,
915 3683 1062 3747 veneta,
1101 3662 1141 3734 δε
1177 3643 1463 3746 υεὴιῐῃαῃηὶεῃέ,

539 3793 617 3842 curn
642 3773 749 3847 tribus
774 3780 854 3849 item
884 3779 957 3853 mss.
988 3785 1070 3854 meis
1102 3783 1275 3854 codicibus
1305 3781 1462 3876 contuli,
1542 3791 1544 3794 ’

539 3893 579 3965 δ(
610 3894 646 3965 in
681 3895 851 3970 nonnullis
884 3925 958 3974 eant
992 3899 1179 3997 discrepare
1222 3905 1462 4000 deprehendi,

540 4041 627 4115 quae
652 4013 711 4089 etsi
734 4019 872 4092 minoris
909 4025 1071 4096 momenti
1101 4023 1185 4116 fint‚
1219 4047 1316 4097 tanta
1345 4047 1460 4098 tamen
