3428 5180
376 583 682 709 'utv-

457 858 458 870 Ν
511 807 603 868 rum
633 769 909 864 monumentis
948 789 1010 860 est
1051 763 1256 874 illustris,
1301 762 1449 862 sedet

513 927 880 1018 versutissimamm
900 919 1132 1015 editionum
1153 915 1343 1048 delectu.
1360 921 1447 1018 Tot
1497 906 1500 912 ¹

459 1136 464 1144 ·
510 1111 610 1170 sane
640 1075 855 1204 praesidiis
873 1073 1050 1168 multum
1082 1072 1314 1194 Mattairii,
1347 1079 1448 1172 alio-

509 1261 683 1360 rumque
714 1225 880 1324 labores
911 1221 1147 1338 emendari,
1190 1263 1240 1323 ac
1281 1228 1447 1358 supple·

510 1391 547 1479 ri
577 1413 779 1514 possunt,
830 1419 880 1480 ac
920 1379 1231 1516 typographiae
1263 1383 1480 1534 primur--

510 1542 581 1635 dia
612 1544 757 1636 mirum
787 1539 833 1634 in
863 1533 1035 1634 modum
1067 1534 1294 1630 illustrari.
1342 1534 1447 1630 Non

509 1693 659 1788 minori
689 1729 819 1821 porro
851 1691 1062 1786 beneficio
1106 1691 1244 1786 adhuc
1286 1687 1448 1820 indiget
1588 1730 1590 1735 ¹
1699 1691 1700 1704 '

508 1881 573 1942 res
612 1844 815 1938 litteraria
853 1842 995 1969 quoad
1032 1839 1339 1968 typographias
1370 1844 1446 1937 'do-

505 1999 685 2091 ctiorum
715 1990 888 2088 orientis
919 1993 1177 2120 linguarum,
1210 2025 1320 2122 quae
1353 1997 1446 2088 nul·

505 2150 573 2246 los
603 2150 822 2278 hucusque
853 2140 1130 2241 illustratores
1150 2167 1246 2240 sunt
1272 2177 1444 2263 nanae,

506 2337 584 2396 nec
615 2308 749 2398 minus
788 2303 843 2398 de
875 2302 1027 2398 litteris
1068 2317 1317 2420 mereretur,
1366 2315 1444 2440 qui

503 2491 653 2588 syrae,
685 2459 763 2586 qui
792 2456 1006 2569 arabicae,
1045 2467 1123 2588 qui
1153 2460 1441 2590 aethiopicae,

506 2618 583 2742 qui
613 2641 790 2740 coptae,
834 2618 1048 2738 persicae,
1096 2621 1277 2712 turcicae
1318 2645 1444 2750 typo⁴

505 2769 708 2895 graphiae
738 2767 937 2876 exordia,
988 2803 1254 2896 progressus,
1303 2771 1444 2868 foetus

461 3028 462 3032 Ν
505 2945 695 3012 accurate
725 2947 977 3014 recenseret.
1007 2923 1162 3045 Quod,
1194 2931 1230 3018 si
1260 2928 1333 3018 alii
1367 2929 1443 3020 de-

504 3068 683 3181 fuerint,
715 3107 764 3166 ac
795 3075 906 3166 vires
937 3100 981 3167 et
1007 3102 1173 3201 tempus
1192 3105 1439 3206 suppetant,

504 3262 585 3355 ego
604 3226 716 3320 idem
734 3226 1019 3324 lubentissime
1039 3235 1309 3356 praestiturus
1324 3267 1415 3326 sum
1426 3235 1444 3343 ,'

502 3410 551 3478 ut
602 3385 737 3478 tribus
786 3383 942 3480 abhinc
975 3389 1104 3510 *annis
1145 3386 1200 3483 de
1242 3391 1439 3486 hebraica

503 3544 711 3668 praestiti,
755 3539 810 3634 ad
851 3544 966 3672 cujus
1017 3540 1206 3636 Annales
1247 3569 1438 3638 acuuata

502 3695 759 3822 Appendix,
790 3731 839 3791 ac
871 3697 1037 3825 prolixa
1060 3698 1361 3826 Suppleme'nta
1381 3699 1437 3792 ab

502 3884 615 3942 anno
652 3871 774 3966 1500
807 3851 861 3942 ad
899 3874 1019 3969 1520
1039 3852 1286 3978 propediem
1311 3851 1437 3948 eden·

502 4029 571 4096 tur
592 4051 613 4096 .·
626 4003 809 4132 'Interim
841 4001 1000 4132 placuit
1028 4039 1055 4100 c
1087 4009 1157 4099 via
1200 4003 1334 4099 veluti
1375 4003 1435 4094 di-
