3404 5208
1137 635 1192 713 77

264 753 339 804 rum
362 731 555 835 synagogae
581 739 806 835 praeseslum.
830 741 950 814 Priora
976 761 1125 838 quatuor
1149 739 1195 816 ad

265 851 360 926 usum
376 853 630 931 christianorum
644 857 720 934 sunt
733 889 745 948 3
760 838 965 959 postremum
979 890 1023 937 ex
1037 866 1194 960 judaieo-

262 1003 336 1052 rum
361 1006 509 1080 genere.
533 985 579 1054 At
602 1010 688 1058 vero
713 985 845 1060 collatis
869 987 1104 1062 illustrioribus
1120 989 1193 1062 aliis

263 1100 480 1199 prophane,
504 1107 540 1176 in
565 1105 691 1202 quibus
713 1110 825 1204 judaei
850 1135 890 1182 ac
914 1110 1083 1186 christiani
1108 1109 1193 1184 disfi·

262 1226 365 1312 dent,
405 1217 536 1300 nullum
574 1229 667 1304 aliud
699 1235 834 1328 reperio
869 1229 1114 1327 exemplarium
1138 1232 1194 1303 di·-

262 1344 424 1436 scrimen,
456 1353 549 1448 quod
574 1357 723 1427 maximo
747 1341 951 1452 argumento
975 1352 1022 1426 est
1054 1355 1090 1424 in
1113 1355 1205 1426 unis

263 1491 305 1539 co
329 1469 395 1543 hoc
429 1471 531 1546 Isaiae
557 1473 635 1547 loco
672 1497 816 1574 utraque
853 1473 1011 1574 exempla
1046 1471 1193 1561 diserte,

263 1617 366 1687 quem
404 1594 620 1692 Inquisrtores
658 1587 744 1696 ipsos
789 1595 967 1669 correxisse
1007 1592 1193 1668 verosimile

221 1763 224 1774 -
260 1711 334 1799 est,
353 1739 464 1811 'quum
499 1717 542 1790 ab
567 1719 643 1818 ipfis
681 1723 895 1802 examinata,
927 1741 1030 1816 atque
1064 1740 1198 1815 appro--

260 1835 342 1909 bata
368 1835 471 1913 suerit
494 1841 580 1916 haec
604 1842 791 1918 bibliorum
830 1838 976 1927 verno,
1001 1861 1038 1913 ur
1064 1837 1193 1912 constat
1297 1853 1300 1858 “

256 1977 332 2048 tum
368 1985 412 2032 ex
437 1963 577 2060 epislola
610 1966 886 2066 nuncupatoria,
924 1985 997 2038 tum
1022 1987 1066 2036 ex
1088 1957 1194 2037 titulo

151 2135 155 2160 .
258 2082 327 2178 ipso
362 2087 544 2160 editionis.
579 2089 620 2161 ln
654 2090 776 2164 ceteris
808 2085 996 2186 prophetiis
1031 2110 1072 2158 ac
1106 2085 1192 2160 locis
1224 2096 1226 2102 ’

258 2201 388 2302 semper
410 2212 544 2305 judaica
561 2214 597 2284 in
621 2234 771 2307 utroque
797 2207 1044 2304 exemplarium
1068 2230 1193 2305 genere
1248 2291 1250 2296 Ι

261 2329 525 2423 interpretatio,
562 2356 633 2403 non
670 2331 852 2406 christiana
885 2325 1018 2400 servata
1049 2325 1118 2412 est,
1153 2307 1219 2398 ut·

194 2493 197 2498 -
259 2469 356 2544 patet
381 2472 425 2521 ex
448 2446 580 2521 Psalmo
605 2453 711 2537 XXI,
736 2445 932 2546 praesertim
956 2471 1042 2519 vero
1066 2471 1110 2522 ex
1134 2471 1193 2518 ce-

255 2567 445 2643 leberrimo
470 2569 608 2644 Meffiae
626 2570 776 2644 ,oraculo
801 2567 904 2642 Isaiae
929 2568 1001 2654 IX,
1032 2589 1071 2641 ut
1104 2568 1193 2646 inse-

259 2695 331 2766 rius
356 2719 400 2768 ex
424 2689 623 2770 Caffiodoro
660 2695 784 2796 Reyna
818 2686 1041 2766 observaturi
1054 2687 1193 2766 sumus.

256 2817 298 2891 Si
322 2841 428 2916 porro
453 2821 490 2894 in
514 2822 618 2892 unico
642 2820 701 2895 vel
725 2816 796 2892 sere
821 2819 925 2892 unico
941 2815 1020 2890 loco
1044 2831 1192 2914 utraque
1261 2846 1264 2850 ·

138 2941 140 2946 ’
200 2981 202 2987 ,
259 2938 468 3038 exemplaria
485 2941 664 3030 diffident,
679 2941 872 3042 corrigendi
897 2934 991 3028 sunt,
1006 2941 1075 3036 'qui
1100 2938 1192 3037 apud
1259 2967 1260 2971 ¹
1305 3024 1307 3029 ,
1356 3012 1359 3018 ,

258 3065 301 3137 de
326 3066 416 3138 Bure
440 3067 477 3138 in
494 3066 616 3140 ¹'multis
641 3065 725 3142 locis
741 3083 963 3158 utrorumque
981 3059 1169 3134 versionem
1178 3085 1191 3146 ¹,
1293 3063 1311 3100 ·'

235 3166 300 3254 'ac
324 3168 600 3284 significationem
626 3185 763 3259 differre
792 3183 1028 3259 contendunt.
1053 3183 1191 3257 Praeci-

252 3299 326 3401 pue
360 3329 447 3404 vero
479 3311 702 3408 corrigendus
733 3307 777 3378 de
811 3306 899 3376 Rure
926 3299 1017 3399 ipse,
1049 3303 1109 3398 qui
1142 3301 1189 3376 ob

255 3423 346 3502 baec
382 3425 511 3500 diffidia
548 3429 618 3500 duo
652 3427 739 3502 haec
774 3424 1024 3523 exemplarium
1059 3449 1190 3523 genera

259 3550 403 3630 duarum
432 3549 630 3621 ‘editionum
664 3549 805 3620 nomine
839 3545 1040 3644 appellitat.
1077 3545 1189 3625 Unica

258 3673 408 3766 namque
442 3667 489 3742 esl
527 3671 658 3755 editio,
693 3671 730 3742 in
762 3694 832 3766 qua
865 3647 901 3744 in
932 3669 1187 3744 christianorum
1221 3699 1224 3710 ’

258 3793 400 3894 gratiam
424 3790 572 3889 epistola
595 3794 864 3890 nuncupatoria,
890 3788 1115 3892 epygraphe,
1140 3809 1189 3882 ate

184 3967 188 3975 -
257 3938 328 4010 que
350 3919 490 3987 unicum
514 3919 551 3989 in
585 3914 669 3989 isaia
703 3915 848 3992 verbum
883 3910 1060 3992 immutata
1083 3911 1188 3998 sunt.

255 4039 388 4113 'Cetera
403 4037 618 4131 adamussim,
643 4065 682 4117 ac
708 4036 938 4140 perfeelissrme
954 4035 1189 4119 conveniunt·
1236 4127 1241 4137 ,
