3428 5180
1136 563 1181 645 ‚¹3

241 668 494 753 .Gorionides,
527 671 574 745 δι’
599 670 726 746 Noseth
760 668 884 744 tzufim'
910 667 1035 768 absque
1071 695 1188 760 anno,

226 849 228 852 .
263 791 307 864 ab
339 791 545 865 Abrahamo·
568 817 653 865 vero
684 791 815 866 Chaiim
847 791 1060 894 ralb'agianus
1085 793 1189 866 Corn-

169 920 171 924 ’
264 918 451 987 mentarius
469 917 505 984 in
520 913 642 989 lobum
666 919 748 986 anni
776 939 864 1008 1427
892 915 1004 988 excust
1028 914 1186 1004 suerunt,

228 1053 230 1058 ’
266 1033 412 1130 ejusdem
445 1042 548 1110 etiam
580 1037 772 1110 inflexionis
804 1041 1020 1134 in'utroque
1044 1042 1190 1125 ordine,

266 1155 327 1228 nifi
352 1163 516 1255 quodex
541 1160 716 1234 nonnullis
738 1158 883 1244 litteris,
918 1158 1122 1256 potissimum
1149 1183 1192 1231 ex

266 1280 380 1354 littera
406 1283 540 1369 lamed,
578 1286 619 1358 &
651 1307 743 1356 nexu
768 1281 869 1379 aleph
901 1283 942 1355 &
974 1283 1087 1356 lamed
1120 1306 1192 1354 non

267 1402 419 1481 absolute
455 1405 557 1482 iidem
589 1411 666 1507 typi
698 1411 735 1478 in
765 1427 797 1474 11
834 1405 956 1476 ordine
990 1402 1194 1473 excudendo

265 1528 451 1600 ⁴videantur
489 1529 654 1602 adhibiti.
683 1529 833 1600 Litterae
866 1522 1015 1597 initiales
1047 1525 1195 1620 capitum

268 1671 307 1747 ac
331 1651 520 1740 sessionum
544 1650 752 1723 exhibentur
780 1646 977 1721 charasiere
1006 1647 1194 1741 quadram,

263 1767 542 1868 .sed·'germanico
567 1796 606 1844 ac
631 1775 733 1844 rudi.
766 1769 838 1842 Sub
863 1771 999 1840 initium
1025 1773 1124 1842 unius
1149 1779 1195 1843 ex

264 1892 402 1965 duobus
434 1891 683 1990 exemplaribus
717 1888 986 1964 casanatensrbus
1011 1915 1072 1964 ms.
1096 1916 1198 1987 quae·

119 2055 123 2062 -
227 2055 230 2060 ·
263 2011 347 2082 dam
371 2009 478 2083 latina
501 2031 590 2084 nota'
610 2009 814 2109 conspicitur
830 2015 897 2108 jam
917 2011 960 2084 ab
983 2036 1075 2086 anno
1103 2022 1193 2110 1745

269 2131 461 2230 conscripta
472 2155 593 2231 ,quae
617 2147 796 2234 perperam
819 2137 945 2231 prioris
968 2137 1099 2207 ordinis
1124 2137 1200 2208 edi·

270 2259 401 2328 tionem
425 2261 469 2332 ad
493 2286 620 2334 annum
649 2237 738 2355 5238
765 2253 896 2339 refert,
929 2255 1068 2326 biennio
1093 2253 1200 2349 poste·

271 2379 400 2450 riorem
424 2397 499 2454 eam·
524 2381 673 2467 faciens,
699 2405 739 2452 ac
765 2375 938 2450 maniseste
962 2398 1039 2446 cum
1063 2371 1201 2472 plebisa-

220 2490 227 2505 '
272 2496 374 2572 ciensr
398 2497 637 2597 confundens,
673 2524 761 2594 quae
781 2487 911 2572 'revera
926 2533 928 2538 ·
946 2497 1069 2586 eodem
1109 2521 1201 2592 anno

272 2623 423 2717 prodiit.
446 2625 501 2696 De
520 2624 677 2722 editione
693 2601 766 2696 hae.
780 2620 928 2696 summae
953 2623 1122 2702 raritatis,
1145 2645 1201 2692 an·

273 2763 333 2832 rea
357 2745 440 2840 mihi
464 2747 657 2845 incognita,
693 2769 830 2846 agemus
853 2747 977 2816 iterum
1001 2744 1037 2815 in
1069 2743 1206 2850 Appen·

275 2866 350 2938 dice
375 2891 415 2940 ac
441 2868 695 2965 supplementis
730 2865 904 2940 annalium
930 2865 1206 2965 hebraeo-typo-

274 2988 513 3089 graphicorum
530 3015 586 3070 xv
611 2991 735 3078 seculi,
763 3015 874 3087 eaque
899 2988 1049 3088 apposite
1069 3009 1205 3060 utemur

275 3112 319 3184 ad
343 3112 574 3188 definiendum
599 3112 731 3200 locum,
772 3114 813 3188 δε
836 3123 970 3209 tempus
995 3112 1207 3192 editionum,

276 3257 360 3325 quas
382 3236 560 3309 Conathus
585 3233 710 3333 absque
736 3233 806 3308 ulla
830 3236 924 3306 anni
939 3229 997 3304 vel
1035 3228 1103 3300 loci
1128 3225 1209 3300 defi-

277 3359 439 3453 gnatione
475 3351 633 3459 vulgare
652 3355 852 3432 consuevit.
888 3351 1001 3437 Illud
1014 3373 1122 3421 unum
1153 3347 1208 3420 hic

278 3472 423 3549 observo
447 3483 635 3577 principem
659 3481 750 3556 hanc
774 3475 920 3548 nostram
937 3474 1125 3546 editionem
1142 3469 1211 3544 sae·

278 3621 321 3695 pe
337 3621 368 3669 ‘a
391 3600 641 3674 recentioribus
666 3599 813 3682 diserte,
838 3613 942 3693 atque
966 3596 1127 3700 insignem
1154 3621 1212 3672 va-

278 3723 407 3838 piarum
421 3721 616 3796 leslionum
639 3720 774 3821 sylvam
797 3719 1034 3818 suppeditare,
1067 3745 1211 3817 quarum
1266 3721 1268 3727 ’

248 3909 249 3912 ,
281 3845 438 3942 exempla
464 3869 504 3916 ac
529 3839 700 3944 specimen
724 3848 760 3919 in
785 3867 1051 3921 commemorata
1075 3844 1213 3941 Appen-

253 4068 255 4072 ·
280 3973 357 4044 dice
374 3993 376 3998 ’
392 3969 592 4045 afferemus.
