3404 5208
539 595 565 650 0

507 600 664 797 ilispania
687 699 744 798 ipsi
776 698 986 772 attulerant.
1019 696 1104 766 Nam
1137 695 1226 784 idern
1262 696 1427 796 interpres

504 825 546 896 de
570 823 744 896 nonnullis
768 820 880 896 verbis
920 812 1085 888 adscitiiiis
1118 813 1264 911 loquens
1298 819 1334 890 in
1367 821 1438 904 hes,

502 942 615 1015 braica
639 944 751 1016 littera
776 966 848 1014 non
872 935 1089 1021 extantibus,
1128 959 1170 1009 ea
1196 937 1319 1013 adscita
1344 940 1427 1015 asle-

503 1069 546 1138 rit
571 1090 643 1138 non
668 1091 688 1138 a
712 1063 764 1152 se,
788 1063 845 1137 sed
865 1089 927 1156 por
949 1067 999 1130 los
1022 1061 1158 1143 Sabios,
1174 1082 1214 1130 ac
1239 1061 1353 1137 nullus
1370 1065 1427 1137 dir·
1517 1043 1522 1052 ’

503 1189 595 1276 bito,
629 1192 712 1287 quin
736 1183 803 1286 ipse
827 1209 892 1285 pro
916 1183 1062 1256 nationis
1086 1177 1165 1253 suae
1190 1206 1302 1269 more,
1337 1183 1428 1258 sum-

504 1330 628 1402 maque
652 1309 837 1379 tenacitate
869 1309 1033 1402 majorum
1057 1303 1193 1376 suorum
1232 1309 1427 1399 dosliiiias,

501 1430 865 1527 &interpretationes
889 1424 1123 1529 religiosissime
1142 1408 1270 1525 ubique
1295 1430 1426 1506 secutus

503 1548 566 1636 fii,
591 1553 746 1647 adeoque
772 1549 987 1651 &hispanas
1011 1549 1097 1648 ipsas
1134 1552 1317 1630 versiones·
1339 1557 1428 1628 anti-

502 1676 660 1769 quitate,
685 1673 917 1770 simplicitate,
953 1673 1059 1772 longo
1084 1699 1332 1781 synagogarum
1360 1675 1427 1784 usu

503 1798 594 1890 apud
616 1796 756 1891 judaeos
780 1797 1011 1868 venerandas.
1039 1795 1237 1882 versiones,
1262 1802 1427 1894 inquam

500 1919 611 1987 varias
636 1917 751 1996 enim,
776 1939 816 1986 ac
841 1914 962 1986 multas
987 1912 1143 2012 hispanos
1168 1918 1309 2013 judaeos
1335 1923 1428 1991 anti-

500 2036 614 2131 quitus
637 2029 786 2110 habuisse
813 2032 998 2107 verosimile
1022 2033 1093 2120 est,
1118 2060 1207 2132 quae
1234 2061 1310 2108 cum
1336 2041 1426 2116 inter

498 2155 532 2230 se
555 2159 592 2229 in
614 2153 783 2230 sacrorum
818 2156 1002 2230 verborum
1043 2161 1326 2260 interpretatione
1363 2163 1426 2240 ali-

499 2279 641 2375 quando
665 2275 879 2362 diffiderent,
903 2277 1005 2354 dubia
1028 2276 1125 2380 ipsa,
1151 2305 1191 2352 ac
1215 2281 1367 2356 diversae
1392 2284 1426 2356 si·

500 2398 724 2500 gnificationis
752 2398 922 2474 vocabula
948 2421 1107 2478 accurate
1133 2404 1170 2478 in
1195 2424 1292 2476 textu
1317 2404 1426 2478 dillin-

500 2527 551 2596 Xll
576 2521 783 2598 ferrariensis
810 2526 1008 2628 interpres,
1032 2543 1163 2602 Ceteras
1189 2549 1301 2602 autem
1325 2529 1425 2600 inter·
1535 2625 1538 2631 Ι

498 2650 711 2742 pretationes
727 2645 855 2719 seorsim
872 2646 1034 2719 illustrare
1059 2648 1216 2722 &edere
1241 2648 1423 2724 constitue-

498 2789 571 2838 rat.
595 2771 710 2862 Atque
728 2793 773 2841 ex
788 2768 855 2840 hoc
881 2769 988 2854 sorte,
1014 2769 1107 2868 quod
1131 2769 1273 2844 vetustis
1296 2769 1422 2870 sapien·

498 2906 570 2958 ium
593 2881 725 2958 suorum
743 2887 949 2964 versionibus
965 2886 1036 2964 mss.
1051 2887 1203 2986 religiose
1220 2890 1389 2967 isadhaes
1403 2931 1422 2950 ·-
1514 2925 1516 2930 ·

498 2991 1420 3109 rit,easque⁸plerumqueretinuerit,hincBibliahaec

461 3231 464 3236 Ι
498 3135 534 3206 in
551 3134 652 3208 titulo
672 3163 735 3228 por
748 3161 825 3227 rriuy
850 3141 1020 3214 excelentes
1037 3138 1173 3204 terradas
1189 3133 1283 3208 versa
1299 3137 1423 3208 dicun-

500 3281 578 3332 tur.
616 3255 682 3329 Nisi
707 3257 857 3330 dicamus
880 3253 963 3330 alios
1000 3257 1037 3328 in
1072 3253 1120 3330 sui
1155 3246 1323 3332 auxilium
1362 3256 1421 3330 vel

498 3383 644 3454 eundem
667 3383 912 3477 interpretem,
947 3377 1002 3450 vel
1026 3380 1173 3452 editores
1198 3374 1286 3475 ipsos
1312 3374 1421 3452 adsci-

495 3500 599 3574 visse.
623 3504 696 3574 Nec
729 3504 818 3574 enim
854 3500 951 3574 aliter
987 3499 1158 3574 conciliari
1190 3487 1308 3576 titulus
1341 3521 1420 3572 cum

495 3623 705 3720 praefatione
729 3623 856 3724 potest,
887 3625 924 3696 iri
949 3649 1018 3720 qua
1042 3649 1129 3698 unus
1166 3627 1300 3694 tantum
1333 3645 1418 3693 con-

496 3743 686 3818 stantissime
701 3751 896 3820 nominatur
911 3749 1099 3846 interpres.
1115 3745 1287 3824 Pluribus,
1313 3742 1419 3841 iisque

496 3863 747 3939 ferrariensibus
771 3865 977 3964 sapientibus
1009 3863 1152 3938 nostram
1177 3861 1266 3935 hanc
1291 3861 1421 3937 versio*

499 4011 577 4059 nem
602 3985 719 4066 tribuit
743 3983 904 4083 Josephus
930 3985 1075 4076 Atliias,
1099 3987 1240 4083 judaeus
1265 3980 1422 4072 amstelo-
