3404 5208
310 752 359 838 X,
383 773 426 824 10
450 751 619 829 munerun
646 749 812 825 defective
839 750 954 844 quoad
979 748 1060 843 jod.
1085 745 1169 820 Nul-

238 871 292 945 lus
323 897 387 970 pro
411 873 476 945 liae
500 872 646 946 lenione
672 875 781 970 coderc
805 873 919 947 Kenn.
933 871 1165 969 producitur,

240 1019 310 1066 uno
345 1003 513 1092 excepto,
548 996 608 1089 qui
632 1012 812 1092 utrumque
849 993 978 1080 omifit,
1013 996 1091 1090 jod,
1125 994 1166 1066 ὅ(

238 1141 306 1190 vav
330 1116 488 1190 initiale.
513 1112 652 1190 consul.
680 1141 767 1212 quae
789 1111 926 1191 'contra
958 1139 1033 1189 earn
1065 1133 1165 1188 notat

238 1241 401 1314 Norzius.

310 1363 359 1447 X,
386 1385 429 1434 10
454 1369 600 1442 ni’urn
623 1353 727 1463 plene
738 1413 755 1436 ,Δ
782 1355 835 1434 Ira
868 1363 960 1435 Sam.
991 1362 1030 1434 ὃ(
1065 1360 1166 1430 codd.

239 1484 356 1554 Kenn.
378 1487 444 1557 66.
467 1486 535 1559 Sed
559 1491 596 1559 in
619 1485 774 1586 pluribus
798 1482 975 1556 codicibus
1008 1481 1043 1553 id
1077 1503 1166 1550 con-

241 1603 348 1706 tigille
372 1627 471 1704 putat
494 1609 635 1685 Norzius
653 1611 703 1683 ud
721 1605 763 1678 =h.
789 1604 812 1676 l.
837 1629 881 1676 ex
907 1625 977 1678 una
1002 1601 1166 1677 confusio-

236 1752 281 1820 ne
305 1727 377 1800 loci
398 1729 537 1802 alterius
561 1733 679 1831 Legis,
715 1732 751 1800 in
786 1752 857 1823 quo
894 1727 984 1800 idem
1021 1727 1165 1800 verbum

233 1846 335 1944 plene
368 1855 536 1922 occurrit.
567 1850 802 1925 Consulantur,
832 1871 921 1942 quae
957 1850 1050 1945 apud
1085 1867 1171 1923 eum'

233 1989 355 2041 notant
379 1974 467 2042 sacri
491 1974 690 2067 judaeorum
717 1972 850 2070 cririci.
1092 1971 1093 1975 ’

215 2069 218 2074 ’
303 2092 485 2183 XXVll,5
514 2119 616 2193 puuun
641 2083 718 2166 cum
743 2117 815 2165 nun
839 2085 1051 2192 minusculo.
1090 2093 1161 2166 Le-

231 2209 379 2284 dlionenr
402 2209 493 2283 hanc
517 2209 652 2285 servant
678 2215 778 2288 codd.
803 2207 918 2288 Kenn.
947 2223 1016 2310 51.

424 2401 969 2478 DEUTERONOMIUM.
1061 2469 1063 2476 .

303 2571 439 2658 XXIV,
467 2597 482 2667 3
504 2597 634 2649 ηπνυ
652 2573 778 2672 plene.
802 2577 854 2680 Ira
869 2601 908 2674 ¹5
930 2575 1159 2653 codd'Kenn.

303 2685 457 2778 XXXII,
482 2720 506 2786 4
531 2718 607 2768 nun
633 2719 709 2796 curn
747 2694 847 2773 tzade
881 2697 1088 2791 minuscule,
1119 2723 1159 2776 ut

228 2814 330 2912 plane
354 2813 483 2889 habent
508 2817 621 2890 Keun.
647 2822 746 2893 codd.
773 2837 865 2895 101.

301 2935 387 3009 lbib,
412 2942 433 3010 6
459 2939 604 3022 rnruln
620 2963 696 3014 cum
711 2943 755 3017 he
780 2941 919 3040 majori,
943 2937 1000 3022 led
1018 2945 1157 3044 juncum

228 3081 365 3158 unoque
390 3063 524 3137 verbo.
548 3058 601 3135 Ita
623 3064 744 3166 legunt
768 3069 868 3140 codd.
894 3067 1012 3141 Kenn.
1041 3093 1108 3162 ¹9·
1159 3171 1161 3176 ι
1220 3157 1222 3160 ,

301 3183 387 3256 lbid.
415 3207 429 3276 ς
459 3187 581 3276 inlr-ini
601 3209 677 3262 cum
693 3214 736 3286 pe
754 3187 960 3286 majusculo.
988 3185 1055 3263 Ms.
1072 3217 1158 3263 mar·

227 3303 347 3402 ginalis
370 3325 454 3378 nota
480 3312 516 3380 ln
542 3313 749 3408 exemplari,
771 3315 867 3410 quod
892 3331 974 3409 prae
1000 3309 1160 3388 manibus¹
1207 3388 1209 3394 .

232 3422 302 3510 est,
328 3423 516 3520 imprellam
531 3429 725 3504 leciionem
750 3429 951 3506 confirmat.
977 3429 1028 3506 lta
1054 3438 1155 3508 etiam

226 3543 358 3616 habent
388 3566 401 3637 ς
431 3550 498 3620 mei
524 3553 686 3637 codices,
710 3555 745 3623 in
771 3551 896 3646 quibus
922 3556 1024 3628 etiam
1043 3555 1156 3631 Maso-

224 3687 263 3738 ra
293 3668 487 3768 marginalis
521 3674 745 3769 producitur,
779 3699 868 3770 quae
909 3671 994 3752 illud
1020 3703 1153 3757 notat.
1187 3710 1214 3784 J

221 3788 261 3862 ln
285 3781 556 3888 dispositionibus
581 3799 685 3868 etiam
700 3789 907 3881 scribarum,
931 3802 971 3875 d(
988 3799 1150 3900 majuscu-

221 3903 330 3984 larum
354 3912 546 3992 litterarum
570 3921 709 4004 Indice,
743 3923 803 4016 qui
828 3939 924 3994 extat
949 3921 1009 3998 sub
1047 3927 1151 4000 finem

220 4038 332 4128 operis
357 4029 573 4114 Masorethici
599 4039 640 4114 R.
663 4039 747 4121 Levi
781 4041 917 4120 Todros
950 4047 1147 4124 Florentiae
