3428 5180
1109 607 1202 690 29“

240 717 444 802 exhibetur,
477 739 579 813 quern
603 716 741 791 Samuel
774 716 894 810 Gallus
918 717 1061 792 editioni
1084 713 1162 790 suae

239 839 431 914 Bechinath
461 840 551 912 olam
585 822 771 938 praemifit,
795 866 964 938 quemque
988 838 1163 937 usquein

241 962 409 1062 plerisque
446 967 635 1040 editionum
668 953 802 1038 suarum
837 961 1049 1060 sequentium
1084 967 1165 1049 itt-4

243 1090 412 1183 repetiit,
442 1085 645 1184 potiffimum
680 1111 765 1162 vero
798 1083 858 1160 sub
898 1090 1033 1162 initium
1068 1082 1166 1164 lesotl

244 1208 414 1295 emundh‚
449 1213 490 1286 ὃ(
524 1214 576 1286 Or
607 1209 772 1284 achaiim.
817 1207 1027 1306 Usquianum
1064 1213 1169 1282 etiam

244 1350 388 1402 stemma‘
408 1330 464 1404 hic
487 1355 562 1406 tum
587 1330 648 1406 sub
672 1332 828 1417 initium,
863 1351 942 1404 tum.
970 1329 1031 1404 sub
1065 1327 1169 1402 linem

246 1453 406 1525 editionis
431 1452 662 1552 conspicitur.
678 1451 815 1526 Titulus
839 1456 888 1524 ita
913 1454 1078 1524 effertur:
1102 1455 1171 1520 Ser·
1234 1485 1245 1508 ω

247 1599 299 1644 nto
324 1580 363 1646 de
385 1579 509 1648 unitate
540 1583 636 1667 Dei,
668 1604 734 1650 uno
768 1604 808 1647 ex
833 1575 1081 1666 fundamentis,
1112 1567 1170 1642 seu

248 1697 392 1772 articulis
425 1700 621 1794 religionis,
654 1700 846 1792 sapientis,
877 1699 929 1790 pii
962 1699 1006 1767 R.
1044 1695 1173 1789 Ioseplti

249 1818 390 1915 labem,
416 1822 511 1911 enjus
536 1823 684 1891 memoria
699 1818 748 1914 fit
772 1821 808 1887 in
842 1817 1074 1901 benedit'lione3
1110 1817 1174 1884 irn-

244 1935 363 2034 prtffits
378 1936 537 2018 Ferrarine
561 1941 596 2010 in
615 1944 709 2012 domo
726 1943 908 2012 excellentis
922 1941 1100 2010 Abtnltatnt'
1115 1943 1174 2008 ben

250 2059 385 2152 Usque,
410 2085 498 2153 quem
527 2062 622 2131 Dens
646 2085 773 2134 tueatur
785 2113 798 2148 ,
825 2089 913 2134 anno
939 2063 1017 2132 min.
1042 2073 1174 2152 suppar.
1290 2051 1292 2056 ¹

249 2204 335 2273 3‘4·
361 2178 503 2254 Constat
527 2160 632 2254 editio
656 2181 747 2257 foliis
775 2185 842 2271 16,
873 2177 933 2254 sub
958 2205 1104 2277 quotum
1129 2175 1173 2250 fi-
1253 2177 1257 2187 '

252 2319 331 2370 nem
347 2300 470 2371 iterum
485 2299 632 2398 legitur:
657 2309 703 2374 Et
717 2308 895 2398 absttlutam
914 2304 1070 2398 eslopns,
1095 2326 1175 2392 opus

254 2422 399 2492 divinum
415 2423 504 2513 feria
528 2447 662 2515 quarta,
687 2426 737 2496 die
763 2441 791 2492 V
816 2419 929 2518 menfis
966 2421 1177 2513 Marctesvan

255 2569 344 2616 anno
368 2567 435 2639 314
459 2571 480 2614 a
513 2547 686 2630 creatione,
723 2547 773 2614 lic
809 2543 996 2629 Ferrariat,
1028 2541 1182 2638 quaeest

248 2667 312 2761 sub
337 2668 480 2737 dominio
506 2670 632 2738 domini
657 2668 746 2740 ducis
770 2662 921 2738 Herculis
945 2668 981 2736 in
1006 2671 1100 2738 domo
1126 2668 1181 2734 A·

257 2787 400 2858 btaltatni
424 2792 481 2859 ben
507 2791 639 2884 Usque,
672 2817 762 2884 quem
798 2792 894 2860 Deus
910 2791 1036 2882 servet.
1074 2789 1182 2862 Prae-
1222 2855 1226 2861 .

257 2911 402 2984 mittitur
444 2911 613 3010 praefatio
647 2915 750 2988 Isaaci
783 2908 984 2984 Alchachim
1019 2911 1183 2994 editoris,

257 3032 294 3103 in
318 3057 386 3128 qua
409 3035 590 3132 praemiilts
613 3036 788 3112 nonnullis
821 3038 864 3108 de
899 3031 1051 3107 articulis
1075 3032 1183 3132 legis,

258 3155 303 3226 ad
326 3179 412 3251 quos
427 3162 579 3254 pertinet
593 3185 680 3258 opus
694 3159 844 3234 nostrum
859 3158 903 3229 de
919 3158 1051 3228 unitate
1067 3147 1186 3248 supre-
1231 3205 1233 3210 .

247 3277 306 3344 ¹ml
329 3277 507 3366 Numinis,
530 3279 615 3354 haec
638 3278 774 3356 subdit.
810 3282 980 3372 Splendttt
1003 3274 1086 3365 serit
1111 3271 1187 3342 Do·

262 3397 368 3476 minus
392 3407 501 3472 oculos
516 3406 743 3499 intelligentiae
765 3402 801 3470 in
816 3401 987 3493 sapiente,
1011 3421 1050 3464 ac
1069 3394 1127 3486 pio
1143 3393 1189 3464 R.-

262 3518 398 3612 Joseplto
422 3522 535 3619 labet(
549 3525 659 3616 felicis
684 3522 937 3620 reeordationis,
971 3518 1027 3611 qui
1052 3512 1190 3605 manist-

253 3639 356 3738 flavit
370 3641 565 3734 sententiam
590 3647 814 3738 antiquorum,
841 3639 874 3712 ἂ
899 3640 1047 3710 revelavit
1062 3636 1192 3731 abscon·

263 3765 358 3850 dita,
382 3761 415 3836 δ’
440 3767 614 3861 composuit
637 3767 978 3862 opuspulclterrintttm
1010 3765 1110 3860 supet
1132 3763 1191 3845 stoc

265 3909 477 3980 argumento,
502 3895 590 3984 quod
611 3882 786 3986 appellavit
819 3889 941 3963 Sermo
965 3889 1008 3962 de
1033 3888 1192 3968 unitate,

266 4029 360 4100 atque
383 4015 538 4106 alterurn,
564 4019 652 4109 quod
673 4016 761 4088 dixit
790 4012 1065 4088 Fundamentum
1093 4005 1195 4089 fidei,
