3404 5208
499 750 577 800 cum
601 749 661 800 ms.
683 721 1043 824 hebraeo-gallicum,
1060 719 1154 816 quod
1179 718 1269 816 apud
1295 737 1348 792 me
1374 743 1428 792 ex·

498 869 572 932 tat,
596 847 800 947 Taleabutgi
833 869 925 919 anno
961 864 1052 938 1229
1088 837 1336 938 conscriptum.
1359 844 1429 916 Sed

497 973 535 1043 in
559 969 624 1043 hac
648 995 685 1050 re
711 995 731 1044 a
755 968 997 1050 vetustiorum,
1020 989 1060 1038 ac
1085 965 1275 1036 dosliorum
1291 961 1428 1038 suorum

497 1075 725 1191 interpretum
736 1092 802 1166 fide
814 1115 873 1165 eos
886 1085 1052 1164 descivisse
1061 1083 1163 1166 fidem
1175 1083 1304 1158 faciunt
1313 1086 1429 1172 LXX,

424 1273 426 1278 .
499 1195 560 1313 qiu
584 1214 697 1290 sacros
724 1217 830 1290 libros
855 1239 898 1288 ex
921 1211 1072 1285 hebraeo
1096 1211 1133 1280 in
1168 1234 1328 1310 graecum
1360 1206 1429 1281 ser·

499 1363 637 1412 monem
653 1339 918 1422 transferentes,
934 1332 1077 1410 verbum
1089 1329 1234 1404 Ahalmt
1244 1326 1430 1430 lloe'pblvot

395 1446 398 1452 ¹
499 1457 557 1532 seu
594 1459 746 1556 Virginis
780 1455 1025 1555 significatione
1061 1453 1303 1526 reddiderunt.
1340 1450 1429 1524 lllud

497 1600 615 1652 tamen
641 1578 982 1650 animadvertendum
1000 1574 1093 1647 aliud
1108 1577 1211 1658 etiam
1236 1596 1310 1648 tum
1339 1572 1430 1644 chri-

498 1693 702 1782 stianorum,
735 1719 809 1772 tum
854 1700 1064 1792 judaicorum
1103 1697 1237 1772 nostrae
1271 1699 1431 1772 editionis
1499 1787 1501 1790 v

496 1821 742 1918 exemplarium
768 1845 878 1916 genus
902 1842 1040 1902 extare,
1075 1822 1169 1913 quod
1202 1822 1246 1892 ad
1270 1823 1432 1892 devitan·

497 1943 578 2040 dam
602 1940 890 2032 christianorum,
918 1963 959 2009 ac
986 1939 1186 2031 judaeorum
1210 1938 1430 2012 offensronem
1532 2021 1536 2027 ¹
1633 2015 1636 2020 ,

444 2110 446 2115 -
497 2085 659 2138 neutrum
695 2060 810 2160 legit,
849 2057 1011 2155 nullaque
1047 2058 1103 2132 hic
1142 2062 1429 2158 interpretatione

497 2185 654 2260 adhibita
665 2185 897 2284 primigenium
909 2179 1015 2282 ipsum
1027 2178 1131 2254 Isaiae
1142 2182 1289 2257 verbum
1300 2182 1431 2256 ALMA
1535 2189 1538 2194 '

496 2305 686 2405 majusculis
711 2305 921 2404 ae‘gothicis
944 2304 1068 2379 litteris
1108 2306 1279 2380 exhibet.
1315 2307 1432 2402 Quin-

499 2455 566 2529 que
591 2426 727 2526 hujusce
753 2431 888 2526 generis
914 2413 1123 2524 exemplaria
1149 2427 1231 2502 mihi
1256 2449 1431 2528 comperta

500 2553 601 2638 sunt,
628 2579 775 2652 quorum
802 2552 947 2627 alterum
972 2551 1139 2626 Venetiis-
1163 2575 1261 2626 extat
1285 2557 1323 2628 in
1347 2552 1432 2629 sele·
1473 2605 1491 2654 .·

498 2677 552 2748 ila
576 2674 792 2748 Bibliotheca
827 2676 871 2747 cl.
895 2673 1029 2748 abbatis
1054 2674 1223 2749 Canonlci
1235 2731 1246 2764 ‚
1281 2680 1341 2774 qui
1364 2675 1431 2750 hu-

497 2793 683 2870 maniffime
710 2796 791 2868 mihi
817 2796 907 2869 illius
923 2799 1083 2868 notitiam
1107 2793 1363 2894 suppeditavi13
1388 2797 1434 2870 al·

454 2919 456 2923 ⁴
501 2937 614 2990 terum
639 2918 676 2988 in
701 2915 828 2989 Estenfi
852 2943 873 2990 a
896 2915 1085 2993 doiiiffimo
1111 2919 1347 3017 Tyrabosc'hio
1371 2917 1433 2992 be-

499 3036 627 3115 nevole
650 3048 783 3112 mecum
800 3047 1107 3118 communicatum.
1134 3045 1291 3128 Tertium
1314 3047 1432 3119 Vene-

498 3163 554 3236 tiis
577 3164 659 3234 item
683 3159 828 3259 poffidet
852 3167 1005 3258 eruditus
1029 3170 1084 3241 vir
1109 3165 1323 3264 Theophilus
1352 3165 1431 3237 Fre·

447 3367 449 3372 ,
487 3289 635 3388 ‘dericus
660 3272 857 3361 Kiinhans.
881 3290 1052 3386 Quartum
1087 3286 1328 3365 Amstelodami
1353 3284 1432 3360 infi-

498 3411 575 3514 gnis
598 3408 732 3484 nostrae
756 3409 857 3507 hujus
883 3412 1004 3484 aetatis
1028 3407 1287 3508 bibliographos
1310 3407 1432 3480 Petrus

501 3533 674 3622 Antonius
699 3531 907 3621 Crevenna,
939 3535 1088 3613 alterum
1111 3533 1275 3606 videlicet
1299 3557 1319 3606 e
1343 3533 1434 3605 duo-
1499 3592 1504 3604 .

500 3648 587 3739 bus,
611 3678 700 3748 quae
725 3655 892 3750 poffidet'‚
917 3641 1042 3760 pagina
1058 3680 1100 3754 23
1128 3658 1212 3730 editi
1237 3658 1310 3752 ejus
1338 3651 1435 3729 Indi-

500 3777 548 3848 cis
572 3798 895 3853 commemoratum.
927 3779 1096 3874 Quintum
1120 3782 1253 3878 paucis¹
1273 3778 1317 3851 ab
1350 3779 1432 3850 hinc

503 3893 624 3990 diebus
649 3891 814 3970 Mantuae
838 3897 1034 3995 perlustravi
1060 3904 1149 4000 apud
1164 3895 1432 3999 spellatillimum

506 4016 671 4100 Iacobum
697 4017 1050 4128 Saravalprimarium
1075 4000 1280 4114 mantuanae
1297 4021 1460 4116 judaeo·'
1497 3997 1501 4012 l

1379 4263 1447 4322 a*
