3428 5180
489 563 544 658 48

478 698 615 802 phum,
641 699 683 772 ad
705 700 803 798 cujus
826 697 939 797 legem
958 721 996 768 ac
1022 687 1177 768 normam
1200 689 1339 790 publica
1355 711 1430 785 ·sy··.

486 843 704 922 nagogarum·
715 821 923 919 exemplaria
936 819 1020 918 legis
1029 820 1096 890 rite
1108 813 1252 889 describi
1269 831 1432 911 queant,

487 963 593 1038 atque
618 943 777 1016 adhunc
815 941 1020 1042 potissimum
1044 936 1138 1012 usum
1177 933 1302 1032 absque
1325 953 1430 1028 pun-⁶·

489 1065 571 1150 slis,
588 1085 692 1160 atque
718 1063 960 1138 accuratiffime
987 1063 1101 1160 quoad
1125 1061 1257 1134 litteras
1280 1055 1422 1155 plenas,

381 1190 383 1195 ’
487 1207 529 1255 ac
552 1184 760 1276 desediivas',
784 1183 1001 1283 majusculas,
1026 1207 1067 1256 ac
1091 1179 1311 1265 minusculas,
1334 1178 1430 1248 item:
1547 1175 1549 1182 '

473 1308 603 1402 'quoad
625 1304 790 1381 seeliones
814 1331 970 1406 apertas,
993 1309 1034 1382 &
1057 1301 1204 1390 clausas,
1239 1305 1281 1379 δι
1302 1289 1419 1398 quoad

487 1427 607 1527 pausas
624 1455 667 1502 ex
685 1429 968 1532 famigeratiffimo
992 1427 1183 1502 ferrariensr
1206 1427 1344 1522 maioris
1365 1449 1426 1522 sy-.

485 1539 617 1652 nagoge
641 1555 759 1626 codice
783 1579 843 1627 ms.
861 1557 971 1629 editus
995 1553 1064 1638 ell,
1089 1573 1128 1626 ut
1144 1573 1242 1650 patet
1258 1573 1304 1625 ex
1322 1573 1419 1648 prae·

487 1672 643 1763 satione,
667 1679 708 1751 &
732 1677 955 1778 epygraphe.
994 1676 1084 1748 Hinc
1124 1695 1318 1776 pergratam
1356 1695 1421 1744 nos

487 1819 563 1868 rem
587 1799 693 1869 sacris
717 1800 843 1870 criticis
868 1797 1016 1870 sassuros
1042 1797 1276 1879 arbitramur,
1299 1793 1323 1866 sr
1346 1792 1422 1890 spe-

487 1919 620 1989 ciminis
653 1921 762 2016 gratia
797 1915 934 1989 seledlas
972 1919 1085 1988 varias
1120 1915 1284 1986 lectiones
1320 1911 1420 2005 hujus

486 2039 646 2112 editionis
684 2037 756 2109 hic'
783 2039 1036 2136 producamus,
1086 2023 1418 2112 observantirmculis

486 2159 664 2236 nonnullis
687 2159 890 2248 illustratas.

827 2285 861 2356 G
872 2286 900 2358 E
912 2284 942 2356 N
955 2285 983 2356 E
996 2286 1020 2358 S
1032 2285 1046 2355 l
1059 2283 1084 2357 S

560 2405 610 2480 lV
636 2409 655 2482 8
682 2405 841 2480 Habetur
863 2406 921 2480 hic
945 2403 1074 2494 Piska,
1097 2403 1155 2478 seu
1189 2403 1332 2502 spatium
1356 2429 1430 2480 vae

434 2535 438 2542 ’
488 2557 591 2608 cuum
606 2535 752 2619 duorum
770 2530 1017 2607 vocabulorum
1034 2532 1125 2602 inter
1149 2549 1242 2614 trus,
1267 2528 1308 2603 δι
1334 2549 1429 2600 ’nna

487 2660 558 2733 Sed
582 2653 756 2731 correlllor
781 2658 942 2730 editionis
967 2652 1028 2727 sub
1054 2655 1126 2748 ejus
1151 2648 1254 2724 finem
1288 2651 1421 2724 monuit

485 2775 624 2878 pausam
648 2777 738 2848 hanc
762 2802 835 2850 non
860 2777 924 2850 else
949 2774 1191 2861 necessariam3
1228 2799 1428 2872 anonymus·
1537 2865 1539 2870 Ι

485 2921 573 2973 vero
597 2896 803 2995 exemplaris
827 2896 986 2995 possessor
1010 2921 1073 2972 ms.
1097 2898 1142 2968 ad
1180 2899 1253 2992 ejus
1292 2899 1426 2994 margi-s
1467 2943 1470 2950 ·

485 3044 567 3094 nem
591 3037 711 3092 notam
736 3021 887 3114 adjecit,
925 3045 995 3118 qua
1019 3020 1265 3092 animadvertit
1290 3015 1426 3092 nullam·

297 3117 299 3120 Ι
380 3143 381 3146 ’
486 3143 544 3216 hic
569 3139 677 3215 adesse
703 3141 826 3226 Piski,
861 3167 1006 3240 eamque
1032 3143 1249 3216 emendavit.
1267 3173 1269 3180 ⁴
1287 3137 1422 3238 Doslis

486 3247 585 3338 simus
609 3265 827 3350 Kennicott,
859 3269 920 3364 qui
956 3268 999 3339 de
1024 3263 1091 3338 hoc
1115 3263 1212 3338 hiatu
1250 3263 1360 3337 multa
1384 3266 1423 3336 in

487 3412 504 3460 1
529 3385 588 3460 sua
611 3388 853 3464 Dissertatione
886 3392 929 3464 de
964 3389 1119 3464 hebraici
1153 3405 1270 3463 textus
1300 3389 1423 3462 condi-

487 3517 584 3588 tione
610 3539 859 3590 commentatus
884 3513 931 3590 est
956 3514 1015 3614 (a)
1024 3534 1038 3600 ,·
1069 3516 1107 3586 in
1130 3509 1197 3588 suis
1222 3512 1342 3585 Bibliis
1364 3511 1432 3586 vi-·
1518 3555 1519 3562 κ

394 3665 396 3669 ·
485 3638 573 3734 ginti
609 3639 695 3711 duos
733 3643 869 3713 codices
902 3637 1092 3738 produxit,
1132 3638 1190 3734 qui
1229 3661 1307 3710 eum
1344 3657 1433 3707 conv

554 3815 654 3926 (πῶς
673 3865 778 3916 state'of
789 3867 831 3918 the
847 3866 949 3933 printed
965 3867 1024 3918 heb.
1040 3877 1104 3920 text.
1122 3867 1193 3932 diffir
1208 3879 1322 3935 pag.347
1332 3865 1421 3932 seqq„

487 3957 581 4006 latinae
599 3973 657 4006 reto
673 3957 732 4006 edit.
747 3973 854 4023 german.
870 3973 928 4023 pag.
950 3970 995 4021 33²
1025 3956 1095 4024 seqq.
1125 3955 1264 4022 Verofimile
1281 3955 1314 4018 est
1329 3953 1421 4004 Keant’·
1492 3967 1498 3994 l

487 4059 548 4094 cort.
564 4045 671 4094 codicum
685 4041 809 4112 plerosque
825 4043 869 4110 effe
885 4045 1021 4112 impreffos.
