3428 5180
593 616 620 670 0

566 619 643 810 dis,
676 745 716 793 ac
741 712 1102 812 Hierosolymitanam.
1134 702 1320 805 Singularis
1350 699 1396 775 est
1418 721 1494 771 mo·

565 847 646 930 dus,
671 867 742 940 quo
766 864 841 914 eam
864 833 997 932 supplet
1028 827 1163 930 insignis
1198 829 1308 900 codex
1330 821 1494 896 ¹helleni-

567 967 667 1041 sticus
690 966 845 1038 Venetus
870 953 1103 1030 Bibliothecae
1128 951 1200 1024 divi
1234 948 1366 1032 Marci,
1387 946 1451 1041 qui
1474 965 1495 1012 a

565 1093 689 1162 dextra
712 1078 926 1157 sinistrorsum
949 1077 1176 1158 hebraeorum
1200 1095 1295 1143 more
1312 1069 1494 1140 Pentateu-

567 1197 688 1294 chum,
710 1203 921 1292 Proverbia,
953 1195 1067 1280 Ruth,
1093 1196 1300 1278 Canticum,
1325 1185 1494 1264 Ecclesia-

566 1330 668 1417 llem,
692 1328 877 1410 Threnos,
900 1325 941 1397 &
964 1316 1143 1392 Danielem
1167 1314 1246 1387 sistit
1271 1339 1315 1386 ex
1338 1310 1491 1384 hebraeo

569 1451 665 1524 sonte
708 1473 828 1552 graece
870 1445 913 1518 ab
933 1449 1121 1540 ,anonymo
1160 1441 1283 1536 judaeo
1319 1429 1496 1530 hellenisto

468 1651 471 1656 ,
569 1569 774 1645 conversos.
806 1568 920 1640 Vertit
944 1565 1076 1636 enin:
1106 1565 1177 1636 Καὶ
1204 1557 1272 1638 elue
1302 1564 1388 1636 Ka‘ir
1419 1555 1497 1657 πρὸς
1586 1590 1588 1593 -

487 1739 489 1743 ’
571 1707 689 1788 Εβελον
709 1697 760 1768 τὸν
780 1693 893 1765 εαυτοῦ
916 1692 1054 1786 diripui
1087 1713 1146 1788 ’γρ
1158 1732 1249 1754 ·····
1277 1685 1409 1787 χρηστὸν
1440 1681 1497 1754 καὶ

489 1829 492 1834 “
569 1811 718 1914 rtotttpo't·
748 1809 798 1882 νῦν
818 1801 868 1878 ivr
889 1804 917 1875 ἐν
938 1803 981 1887 mi
999 1796 1078 1875 εἶναι
1109 1823 1174 1896 σφε,
1195 1800 1223 1872 ἔν
1244 1803 1287 1886 τῷ
1306 1797 1393 1900 α’γρζῦ
1414 1801 1496 1874 &c.,

570 1930 608 2000 in
631 1942 730 1995 textu
755 1917 825 2014 ipso
839 1915 991 1989 reserens
1008 1915 1277 1986 additamentum
1292 1911 1379 1996 hoc,
1403 1914 1497 2008 quod

560 2033 643 2118 'non
659 2044 762 2112 Kaini
780 2039 885 2117 verba
901 2039 945 2110 ad
963 2032 1052 2106 Abel
1069 2083 1078 2119 ,
1101 2030 1157 2106 sed
1172 2055 1292 2130 puram
1309 2056 1497 2106 amanuen-

570 2166 609 2242 sis
632 2186 774 2247 notam,
793 2165 841 2245 Ἰὃ(
855 2157 1128 2238 observationem
1142 2157 1184 2227 de
1199 2153 1359 2250 oppositis
1375 2151 1498 2226 utrius-

571 2314 640 2386 que
675 2287 789 2360 sratris
825 2284 975 2358 moribus
1011 2261 1277 2376 compleslitur.
1311 2275 1498 2349 Pretiosum

553 2410 638 2484 hoc
665 2419 858 2507 κειμήλιον,
886 2407 987 2501 cujus
1032 2399 1202 2498 specimen
1247 2423 1286 2470 ac
1333 2397 1498 2472 leslioncs

470 2549 473 2554 '
570 2529 754 2604 nonnullas
777 2525 945 2602 benevole
971 2544 1100 2596 mecum
1125 2521 1390 2593 communicavit
1414 2519 1498 2593 clar.

571 2650 807 2736 Gallicciolli,
856 2652 955 2724 brevi
1003 2647 1156 2722 editurus
1202 2642 1263 2718 esl.
1297 2644 1498 2720 doslislimus

495 2810 497 2816 ·
572 2777 628 2849 De
651 2773 818 2848 Villoison
842 2800 914 2846 non
938 2771 1005 2844 fine
1029 2769 1156 2842 summa
1188 2765 1357 2842 sacrorum
1400 2770 1498 2840 criti-

573 2889 692 2972 corum
717 2897 917 2994 voluptate,
949 2898 990 2970 &
1014 2892 1268 2974 emolumento,
1304 2891 1363 2986 qui
1387 2903 1430 2962 ex
1455 2914 1499 2963 eu

572 3019 766 3122 luculenter
802 3016 1005 3116 inspicient,
1044 3037 1131 3110 quae
1169 3009 1274 3084 suerit
1321 3013 1515 3110 retroactis·

573 3143 716 3220 saeculis
740 3145 786 3216 in
800 3142 970 3226 Graecia,
998 3137 1055 3212 vel
1080 3137 1170 3234 apud
1195 3136 1334 3230 judaeos
1358 3121 1499 3206 helleni.

539 3277 542 3284 '
572 3267 636 3346 stas
658 3265 811 3340 hebraici
835 3283 954 3337 textus
973 3261 1152 3344 conditio,
1176 3281 1217 3354 ac
1241 3253 1351 3328 sides.

647 3390 717 3476 IV,
744 3389 787 3462 18
813 3385 876 3461 'tl’t
901 3382 1087 3459 deseoive,
1126 3383 1179 3455 lta
1203 3381 1333 3456 Samar.
1359 3394 1500 3456 tentus.¹

575 3511 618 3584 ln
641 3509 775 3583 collesl.
796 3509 942 3582 Kennic.
973 3500 1088 3581 nullus
1119 3506 1174 3581 hic
1198 3507 1307 3579 codex
1339 3482 1500 3602 produci-

488 3645 490 3649 ’
576 3655 660 3716 tur,
683 3639 743 3730 qui
765 3624 944 3706 lectionem
968 3631 1059 3704 hanc
1083 3629 1262 3703 confirmet
1286 3635 1308 3700 a'
1333 3629 1501 3700 correcto-

484 3793 489 3846 χ
576 3779 614 3828 rc
631 3754 762 3832 nostrae
780 3757 956 3840 editionis,
970 3773 1011 3826 ut
1026 3749 1241 3836 mendosam,
1257 3750 1475 3848 reprobatam
1489 3796 1501 3820 .

649 3874 700 3960 V,
725 3899 746 3968 9
772 3877 867 3948 Idem
891 3877 1035 3949 verbum
1059 3872 1247 3946 deseslive.
1273 3871 1375 3942 Nulla
1399 3865 1528 3940 etiam'
1602 3937 1606 3942 ,

575 3979 632 4069 hic
646 3999 810 4084 codicum
834 3993 1057 4093 discrepantia
1081 3999 1118 4070 in
1142 3995 1288 4068 Kennic.
1312 3991 1454 4066 Bibliis.
