3428 5180
510 699 589 770 lum·
607 691 714 764 vertit
741 682 903 785 Abstrac‘ia
926 680 1020 767 Dei,
1046 675 1087 752 δι
1122 671 1210 747 male
1246 694 1311 770 pro
1349 666 1440 742 libro

510 816 716 888 concionum
753 807 796 879 de
832 804 957 878 divinis
993 796 1168 875 attributis
1205 813 1356 894 agente,
1401 807 1441 862 ut

509 929 660 1008 wolfius
685 927 955 1010 animadvertit,
980 947 1059 996 eum
1082 918 1234 993 habuit.

512 1052 570 1128 2·⁰
602 1053 646 1124 R.
662 1047 765 1146 Mofis
780 1048 1017 1120 Naclmonidis
1034 1042 1128 1116 binam
1150 1060 1215 1119 tort
1232 1035 1340 1110 Sliar
1354 1036 1443 1130 agie·

548 1179 647 1260 mul,
678 1167 736 1242 seu
769 1170 869 1240 Porta
901 1163 1137 1251 retributionis,
1171 1163 1250 1252 in-4
1281 1157 1442 1230 Ferrarius
1455 1154 1469 1253 J

558 1301 649 1394 apud
671 1295 893 1366 Abrabamum
918 1293 1026 1385 Usque
1049 1311 1138 1360 anno
1162 1289 1268 1356 eodem
1294 1286 1368 1378 316
1386 1281 1443 1351 mi·

537 1425 649 1498 noris
672 1419 913 1514 supputationis
932 1414 1156 1509 judaeorum,
1207 1475 1209 1480 .

582 1544 638 1618 Est
661 1541 764 1618 sellio
779 1535 910 1614 seorlim
936 1539 1030 1610 edita
1052 1532 1134 1606 libri
1150 1525 1288 1604 Torath
1312 1527 1446 1612 Adam,

503 1673 655 1770 'agitque
679 1669 723 1740 de
748 1661 978 1737 retributione
1012 1655 1153 1728 alterius
1185 1651 1316 1727 seculi.
1350 1651 1446 1749 Typi

510 1793 612 1887 hujus
636 1787 797 1864 editionis
830 1780 1001 1855 rabbinici
1025 1774 1123 1859 sunt,
1148 1773 1233 1848 folia
1267 1797 1353 1848 vero
1378 1780 1447 1858 26,

513 1939 588 1989 non
614 1933 683 2007 34,
706 1927 745 1980 ut
762 1923 861 1977 notat
877 1895 1029 2001 Wolfius
1040 1946 1050 1966 .
1075 1895 1115 1966 ln
1132 1895 1205 1988 ejus
1222 1894 1326 1968 titulo
1348 1919 1457 1968 men..

510 2031 590 2113 dose
616 2032 733 2105 aanor
756 2045 902 2100 vocatur
935 2014 1118 2097 uranban
1150 2038 1215 2112 pro
1249 2015 1445 2104 Aramban,

489 2151 654 2256 ¹confuso
690 2149 900 2227 Maimonide
937 2165 1015 2216 cum
1050 2137 1309 2213 Nachmanid'e.
1341 2139 1445 2212 'Duae

511 2269 665 2348 diversae
690 2291 810 2354 aerae,
835 2269 875 2346 ὃ(
898 2261 1117 2379 epygraphes
1141 2259 1370 2350 exhibentur,
1394 2260 1447 2334 al-

512 2417 589 2472 tera
621 2394 659 2466 in
693 2386 830 2476 fronte,
869 2407 937 2486 qua
974 2381 1165 2462 absolutum
1201 2385 1325 2460 dicitur
1354 2407 1448 2481 »opus
1577 2373 1579 2378 ’

513 2519 625 2617 Mense
653 2515 778 2614 Tamuz
792 2537 881 2584 anno
905 2511 1078 2611 316min.
1103 2533 1235 2604 supput.
1259 2512 1312 2581 bic
1326 2510 1363 2580 io
1381 2519 1452 2578 ma·

511 2665 579 2740 gna
617 2661 656 2710 ac
698 2629 916 2736 laudatiffima
960 2634 1034 2706 urbe
1078 2631 1254 2703 binarios·
1276 2633 1313 2702 in
1352 2636 1449 2704 domo

415 2813 420 2821 .
513 2765 559 2834 R.
585 2757 709 2828 Abroi.
732 2757 791 2826 bert
816 2754 949 2845 Usque,
984 2751 1095 2826 altera
1126 2777 1213 2828 vero
1237 2749 1296 2827 sub
1321 2749 1449 2841 finem,

514 2901 584 2979 qua
616 2875 741 2950 dicitur
767 2872 962 2967 Absolutum
997 2875 1102 2968 mense
1137 2875 1221 2967 Tisri
1254 2901 1344 2971 aono
1376 2901 1415 2970 3¹
1421 2900 1449 2970 7

514 3005 595 3076 urin,
620 3016 751 3098 suppar.
775 2994 840 3065 lic
850 2992 1032 3084 Ferrarius,
1057 3021 1139 3089 quae
1164 2995 1283 3093 estsub
1304 2998 1449 3068 dominio

515 3123 606 3198 ducis
642 3115 791 3200 Herculis
827 3114 945 3214 esleofis
978 3117 1116 3210 IV,(
1096 3117 1231 3210 (extol
1228 3123 1315 3188 latur
1346 3119 1450 3212 gloria

516 3243 668 3343 ejus)
655 3270 691 3316 tn
727 3244 822 3312 domo
855 3243 897 3314 R.
932 3242 1015 3312 Abr.
1047 3243 1106 3312 ben
1141 3241 1270 3334 Usque.
1294 3236 1452 3335 Explicit

387 3457 388 3460 Ἴ
515 3369 624 3448 editio
657 3361 809 3464 Epistola
847 3361 1088 3436 Nachmanidis
1124 3386 1169 3436 ex
1203 3358 1451 3460 Hierosolymis

516 3489 633 3570 misia.
661 3487 826 3584 Princeps
850 3487 959 3560 editio
981 3484 1082 3582 hujus
1105 3484 1186 3558 libri
1208 3483 1256 3559 est
1273 3484 1452 3582 ‚neapoli-
1507 3571 1508 3576 Ἰ

517 3600 600 3686 tana
625 3613 708 3682 anni
737 3631 850 3700 1490,
875 3633 963 3705 quae
989 3609 1080 3705 apud
1104 3631 1158 3680 me
1184 3627 1305 3694 extat,
1341 3608 1452 3681 &de

517 3758 586 3832 qua
608 3729 669 3804 suo
692 3729 772 3816 loco
808 3734 955 3807 diximus
990 3733 1028 3802 in
1051 3728 1244 3804 Annalibus
1276 3729 1456 3804 hebraeo-'

369 3890 370 3894 ¹
516 3849 794 3958 typographicis,
826 3850 1003 3928 &rursus
1037 3853 1161 3928 diduri
1193 3849 1365 3930 sumusin
1389 3875 1451 3928 eo·
1512 3857 1516 3868 ‘
1610 3882 1614 3890 ·

337 3967 338 3970 ¹
518 4003 595 4054 rum
619 3971 842 4073 Appendice.
884 4041 889 4057 ,
