3404 5208
1105 591 1163 668 79

239 697 433 794 Tabulam,
463 713 545 805 quia
570 713 605 785 id
630 733 701 782 non
724 705 854 802 patitur
888 699 1051 774 foliorum
1075 724 1169 773 enu-

239 836 388 911 meratio,
401 887 422 916 ,,
435 859 523 929 quae
549 832 703 908 absolute
734 825 881 924 postulat
916 849 991 898 eam
1025 835 1170 920 antepo-
1209 835 1212 840 '

210 947 399 1036 'nondam‘
413 953 500 1029 elle.
528 958 607 1030 Non
630 956 705 1054 post
730 975 832 1033 eam,
857 953 936 1046 quia
962 974 1004 1024 ea
1029 937 1194 1022 absolvi·'

240 1094 296 1152 tur
321 1099 415 1156 certo
440 1078 599 1154 foliorum
625 1100 784 1160 numero,
810 1098 849 1146 ac
864 1077 992 1171 pagina
1008 1074 1170 1176 dimidia,

242 1201 393 1299 apposito
431 1200 474 1274 ab
511 1200 697 1276 editoribus
732 1201 849 1280 Finis,
871 1189 961 1290 'quo
1001 1198 1170 1270 indicatur

243 1322 329 1396 nihil
355 1323 466 1410 ultra,
503 1324 560 1398 vel
584 1323 713 1397 nullam
739 1317 839 1394 aliam
875 1315 1028 1389 tabulam
1065 1337 1175 1412 appo-

243 1439 356 1518 luille.
381 1446 433 1518 lta
459 1447 568 1524 etiam,
588 1445 783 1520 distributus
817 1437 865 1511 est
889 1437 1051 1523 Titulus,
1085 1459 1177 1510 nun·-
1223 1517 1225 1520 ,

245 1569 408 1664 cupatio‚
431 1565 619 1664 praelatio,
656 1592 696 1640 ac
720 1563 839 1639 tabula
863 1565 979 1659 prior,
1011 1557 1178 1634 utsolutn

10 1779 12 1786 Ι
126 1774 128 1778 ,
244 1691 415 1790 integrunt
447 1689 607 1763 foliorum
647 1693 910 1786 quaternionem
951 1685 1209 1770 constituant,

245 1819 312 1884 nec
336 1836 415 1884 eum
441 1810 633 1888 excedant.
651 1803 781 1912 ¹Itaque
803 1837 880 1886 eam
905 1813 1020 1910 potius
1044 1811 1088 1884 ad
1112 1805 1182 1882 cal:
1204 1809 1205 1812 ’

140 1960 142 1966 ’
244 1960 317 2030 cem
342 1919 558 2013 referendam
582 1932 646 2010 elle
671 1933 844 2020 arbitror,
867 1956 908 2008 ut
934 1957 1060 2008 revere
1084 1929 1177 2005 refe-

243 2081 326 2132 tunt
349 2053 519 2132 nonnulla
543 2059 768 2159 exemplaria,
806 2081 912 2155 atque
935 2059 1028 2132 inter
1061 2079 1178 2131 cetera

245 2201 351 2254 uuum
383 2201 427 2256 ex
460 2179 568 2265 mels,
603 2185 644 2258 &
678 2183 823 2256 alterum
855 2173 1035 2252 Bononiae
1067 2203 1089 2248 a
1123 2201 1180 2248 me

247 2299 408 2371 collatum
433 2303 471 2372 in
495 2299 754 2386 Barnabitarunt
784 2295 1000 2372 Bibliotheca
1026 2297 1069 2368 ad
1094 2315 1178 2366 tem·

248 2418 343 2516 'plum
358 2419 463 2500 divae
477 2419 604 2492 Luciae
614 2421 679 2506 ’,δι
694 2419 717 2492 si
733 2421 813 2493 lieet
828 2420 937 2491 libere
957 2420 1076 2500 dicere
1089 2417 1184 2512 quod

249 2537 384 2626 sentio,'
403 2538 452 2612 ea'
467 2537 607 2614 videtur
630 2542 748 2640 potius
773 2537 925 2612 absoluta
950 2534 1083 2635 integra
1108 2537 1184 2610 edi-

250 2664 346 2736 tione
372 2662 481 2734 eidem
509 2663 627 2740 addita
653 2661 962 2738 in'nonnullorutn
986 2662 1187 2757 judaeorum
1237 2670 1238 2676 ’

248 2788 418 2884 gratiam,
456 2789 515 2887 qui
548 2787 827 2886 propheticarum
859 2787 964 2858 etiam
1000 2781 1205 2858 seelionunt-
1246 2830 1249 2836 ·

136 2990 139 2996 ,
249 2895 399 2988 indicent
434 2911 625 2988 desiderate
666 2914 891 2988 videbantur.
925 2912 1060 2984 Etenim
1091 2904 1116 2982 li
1147 2911 1185 2981 in

192 3050 195 3056 '
250 3031 366 3108 animo
390 3039 540 3132 primunt
565 3033 757 3114 habuissent
782 3036 932 3108 editores
958 3055 1033 3106 eam
1057 3017 1208 3102 insere?

251 3180 311 3238 re,
333 3158 370 3230 id
393 3181 488 3234 certe
511 3181 709 3257 opportuno
732 3157 811 3229 loco
836 3149 1087 3246 fecillent,qui
1112 3169 1186 3222 erat

252 3275 288 3346 in
315 3298 508 3356 ceterarum
532 3281 726 3358 tabularum
751 3267 900 3350 ordine.
934 3268 1097 3346 Additam
1120 3293 1189 3342 au*

253 3417 324 3470 tem
349 3399 420 3476 dixi
444 3401 480 3472 in
506 3405 650 3500 gratiam
668 3404 890 3500 hidaeotum
907 3416 1013 3491 atque
1037 3392 1186 3480 ideireo,
1246 3468 1249 3473 ,

226 3528 293 3592 'ut
334 3519 474 3613 judaicis
511 3522 646 3595 'tantum
687 3512 942 3616 exemplaribus
985 3513 1191 3590 adderetur.

215 3707 219 3716 ,
254 3637 321 3710 Cui
345 3632 559 3734 conleelurae
573 3638 660 3714 haee
681 3635 757 3714 sunt
770 3695 782 3727 ,
797 3663 886 3735 quae
911 3636 1013 3714 fidem
1038 3637 1190 3714 fatiunt.

257 3760 315 3847 ιθ
346 3753 432 3842 Usus
467 3756 656 3860 perpetuus
688 3765 747 3861 qui
771 3765 809 3834 in
843 3785 884 3836 ea
907 3759 969 3846 fit,
1001 3757 1189 3838 hebraico·-
1241 3825 1243 3830 .

255 3895 332 3956 'rum
365 3881 614 3958 vocabulorum
655 3889 699 3960 ad
734 3883 954 3985 defignandas
989 3883 1099 3986 legia.
1134 3879 1192 3956 uel

255 4004 498 4106 prophetarum
532 4004 720 4101 sedimus,
758 4006 980 4096 festivitates,
1017 4009 1058 4082 ὃ(
1098 4001 1191 4076 alia.
1286 4111 1288 4118 ,
