3404 5208
521 603 598 678 104
847 649 849 655 ·
1253 668 1255 673 ,

515 714 555 786 V
550 688 663 782 erretiis
687 709 725 780 in
749 713 843 782 domo
868 709 1032 784 Iohannis
1055 712 1095 792 de
1109 685 1212 778 'Gara
1237 709 1340 800 mense
1365 697 1472 801 Tisri'

515 859 605 904 anno
628 857 731 928 347,
753 853 892 912 annum·
906 831 947 906 &
967 825 1080 904 locum
1103 825 1353 927 compositionis
1368 853 1446 902 cum

516 977 611 1026 anno
636 956 677 1029 δι
700 953 779 1027 loco
804 955 964 1028 editionis
996 941 1249 1038 confuderunt,
1286 975 1326 1024 ac
1363 951 1447 1030 Fere
1543 1028 1547 1034 .
1696 1040 1702 1061 τ

425 1081 430 1088 “
516 1079 625 1150 retiae
651 1075 844 1174 impressum
868 1075 992 1150 librum
1032 1061 1188 1148 arbitrati
1211 1071 1289 1146 sunt
1324 1073 1445 1146 eodem

444 1220 447 1226 ·
517 1221 611 1270 anno
639 1219 754 1295 1525,
796 1199 1020 1295 quoaudlor
1056 1220 1134 1270 eum
1159 1193 1321 1270 absolvit.
1356 1197 1446 1268 Sane
1475 1189 1478 1196 ’

435 1352 436 1357 ,
519 1341 580 1391 ms.
605 1330 671 1417 ego
694 1317 762 1391 hoc
785 1343 871 1417 opus
904 1317 1074 1418 possideo,
1108 1341 1153 1392 ex
1185 1321 1281 1414 cujus
1314 1318 1449 1417 epigra·
1512 1321 1515 1326 “

519 1441 589 1538 phe
614 1440 744 1513 eruitur
768 1437 925 1538 scriptum
947 1439 1032 1514 illud
1057 1439 1150 1516 fuisse
1174 1443 1231 1516 die
1256 1465 1302 1517 vr
1328 1438 1445 1515 menis

520 1563 612 1636 Adar
639 1563 741 1636 'anno
754 1597 756 1604 v
769 1566 859 1647 286,
894 1562 1018 1638 Christi
1047 1567 1158 1658 1526,
1195 1587 1290 1637 anno
1325 1563 1447 1638 scilicet

520 1686 712 1760 immediate
736 1681 912 1780 sequenti,
936 1685 1031 1780 quod
1056 1705 1154 1760 certo
1178 1706 1377 1786 argumento
1401 1686 1448 1762 esi

520 1811 747 1908 praecedente
778 1831 871 1880 anno
896 1830 969 1878 nou
1004 1803 1097 1882 luisse
1120 1809 1347 1906 impressum.
1381 1802 1447 1883 Ma.

519 1932 621 2005 alium
637 1928 778 2003 celebris
802 1929 899 2025 hujus
915 1932 1061 2023 audieris
1086 1930 1250 2004 Codicem
1274 1929 1444 2027 poslideo,

521 2055 706 2138 ineditum,
725 2049 857 2126 Wolfio
881 2075 920 2123 ac
944 2051 1189 2152 bibliographis
1212 2047 1369 2130 omnibus
1391 2057 1447 2128 in-

521 2179 719 2274 cognitum,
742 2175 784 2250 &
808 2177 961 2265 auctoris,
977 2173 1075 2273 ipsius
1098 2175 1369 2275 autographum.
1392 2177 1470 2264 Si·-⁴

521 2300 575 2384 siit
599 2301 627 2372 is
651 2303 931 2372 commentarium
954 2300 991 2370 in
1016 2297 1242 2371 Ecclefiastem
1266 2325 1344 2374 cum
1369 2321 1448 2376 tex·
1493 2283 1499 2364 s

520 2443 582 2508 tu,
605 2420 664 2496 sub
687 2425 781 2518 cujus
806 2419 911 2496 sinent
944 2421 1029 2494 haec
1054 2419 1238 2517 leguntur:
1275 2425 1351 2496 Hoc
1383 2425 1449 2523 est,
1492 2421 1495 2428 ’

519 2554 608 2644 quod
629 2551 773 2646 constitui
797 2550 875 2618 milri
900 2575 958 2644 ego¹
990 2549 1157 2618 Abraham
1183 2549 1327 2644 Periapol
1342 2529 1449 2642 'expo-

521 2696 591 2741 mre
615 2673 653 2740 de
686 2674 764 2740 libro
789 2668 1006 2766 Ecclestaflis,
1030 2671 1081 2740 bic
1102 2671 1286 2762 Ferrariat,
1312 2669 1346 2744 δ’
1381 2671 1453 2770 mist

521 2820 591 2864 aum
618 2793 758 2886 principi
793 2788 1033 2890 aestimatiffimo
1068 2795 1250 2888 exsemine
1273 2797 1388 2889 sanilo
1412 2801 1448 2866 in

521 2937 781 2998 monumentum,
818 2921 912 2985 'anno
960 2919 1058 3002 285,
1096 2913 1249 3012 ipsislimo
1288 2917 1448 2990 videlicet

403 3086 404 3090 =
521 3061 638 3124 anno,
657 3059 728 3132 quo
752 3033 913 3134 lglrereth
938 3035 1148 3133 composuit.
1174 3037 1356 3138 Exemplar
1380 3037 1447 3110 hoc
1550 3113 1554 3124 ,

520 3183 716 3260 perrarum,
741 3161 781 3235 &
805 3162 968 3244 unicum,
994 3161 1088 3257 quod
1112 3157 1311 3233 liberalitati
1335 3159 1449 3234 debeo

521 3282 739 3356 humanissimi
775 3283 926 3356 doctoris
951 3279 1080 3354 Israelis
1106 3279 1298 3355 Ghedaliae
1322 3281 1461 3367 Cares,

521 3403 683 3477 clariffimi
720 3427 761 3478 ac
793 3390 892 3504 7(1οέἲί
928 3407 1020 3502 apud
1059 3426 1267 3478 mantuanos
1309 3408 1455 3501 judaeos

519 3526 642 3600 medici
665 3551 705 3601 ac
739 3525 902 3611 rabbini,
937 3525 1022 3600 illud
1044 3529 1136 3602 idem
1172 3529 1345 3626 exemplar
1385 3528 1449 3601 esse

521 3646 677 3732 videtur,
701 3649 795 3746 quod
821 3647 1018 3724 Peritzolius
1041 3651 1179 3747 propria
1203 3675 1308 3723 manu
1332 3647 1459 3723 deseri?

372 3806 374 3811 ·
458 3837 461 3844 ,
519 3789 616 3866 ptum
641 3770 684 3840 ad
713 3772 871 3863 judaeum
887 3771 990 3844 illum
1025 3774 1213 3870 principem
1237 3769 1343 3872 misit.
1378 3775 1452 3843 Au-

518 3891 619 3965 doris
644 3912 757 3962 autem
780 3919 881 3966 manu
908 3894 1110 3994 descriptum
1135 3899 1198 3972 esse
1235 3923 1308 3972 non
1343 3895 1455 3970 solum*
1481 3908 1485 3913 “

518 4039 562 4086 ex
587 4011 708 4100 titulo,
741 4034 844 4110 atque
871 4019 1054 4116 epigraphe
1083 4021 1280 4120 colligitur,
1313 4019 1370 4095 sed
1409 4021 1451 4094 ’δε
