3428 5180
1146 575 1192 632 XI

260 730 388 822 dibili
440 728 617 836 studio,
656 725 794 820 multa·
841 725 1070 832 doctissimi
1111 730 1194 820 viri

258 881 406 974 oculos
457 876 736 1008 effitgerunt,
789 916 898 1012 quae
960 880 1195 1009 supplenda

215 1107 217 1110 -
259 1065 389 1148 sunt,
431 1035 561 1130 multa
592 1043 716 1130 etiam
756 1033 862 1130 falsa
905 1039 1194 1168 irrepserunt,

257 1224 366 1317 quae
384 1189 670 1284 emendanda.
692 1188 812 1289 Hinc
831 1189 1053 1290 utillimam
1072 1223 1159 1290 rem
1180 1257 1193 1303 ,

256 1369 384 1468 atque
416 1347 605 1435 omnium
635 1342 997 1468 commendatione
1022 1343 1196 1469 dignam

257 1498 592 1624 aggrediuntur,
624 1503 733 1624 qui,
773 1495 895 1623 quod
948 1495 1198 1588 immortalis·

254 1651 329 1744 ille
362 1655 430 1746 vir
461 1656 689 1784 geberatim
721 1655 1021 1777 pertractavit,
1053 1651 1195 1785 singil-

253 1805 373 1903 latim
405 1806 743 1938 pertractandum
775 1809 1037 1930 suscipiunt,
1070 1831 1195 1932 atque

253 1965 548 2058 accuratiorem
599 1965 644 2052 in
690 1956 1026 2090 typographicis.
1068 1989 1207 2085 pecu⁴¹

251 2102 417 2210 liarium
447 2115 616 2212 urbium
668 2115 744 2212 vel
784 2115 1096 2246 provinciarum
1135 2117 1197 2204 im
1266 2162 1270 2170 ·

181 2367 183 2370 .
253 2267 474 2364 cunabulis
517 2265 777 2365 illustrandis
827 2300 999 2395 operam
1017 2271 1196 2396 ‚impen-

254 2421 397 2512 dunt.
456 2417 529 2514 De
580 2417 875 2544 parisiensibus
927 2418 1096 2546 egregie
1148 2415 1195 2510 id

251 2581 459 2705 praestitit
492 2558 807 2684 Chev‘illerius,
840 2569 895 2668 de
925 2571 1195 2703 lipsiensibus

252 2721 475 2850 Leichius,
519 2733 574 2831 de
612 2733 747 2826 svecis
777 2727 809 2828 J
810 2729 999 2828 ohannes
1031 2729 1196 2828 Aluan-

251 2889 358 2983 der.
391 2870 459 2988 En
491 2886 604 2986 italis
636 2913 776 2982 autem
807 2890 961 2980 uostris
993 2912 1195 3014 typogra-

166 3155 168 3157 .
251 3043 365 3170 phiis
407 3042 556 3140 Sarius
607 3026 960 3140 mediolanensem
1002 3038 1195 3134 illustra-

250 3201 349 3308 vit,
389 3203 512 3296 emin.
545 3199 766 3327 Quirinius
798 3199 1055 3306 brixianam,
1096 3195 1194 3290 Pai-

250 3376 377 3452 tonus
395 3378 612 3461 venetam,
633 3353 902 3450 florentinam
923 3350 1155 3447 Bandinius
1177 3423 1193 3464 ,
1330 3435 1332 3440 .

105 3521 108 3528 ’
251 3493 536 3595 ferrariensem
562 3497 834 3602 Bamffaldus
865 3506 1036 3632 junior,
1066 3505 1191 3631 pede-

176 3755 178 3762 !
248 3648 489 3746 montanam
520 3651 549 3751 J
551 3656 734 3786 osephus
768 3653 1011 3767 vernam,
1059 3663 1189 3752 roma·

229 3805 344 3901 'nam
376 3807 564 3924 Lairius,
586 3817 632 3908 in
663 3847 751 3947 quo
782 3839 921 3912 tamen
942 3815 1072 3910 multa
1103 3816 1190 3909 edi·

249 3969 304 4060 tis
324 3964 528 4098 Epistolis
555 3970 776 4070 nonnullis
796 3975 1036 4100 nuperrime
1055 3975 1190 4064 emen·
