3428 5180
1076 615 1079 622 ⁴
1117 602 1193 660 XIII

264 750 475 878 plerisque
533 751 863 878 praefationibus
924 764 1199 884 praemissis,

264 909 420 1034 quibus
452 911 785 1037 typographicae
816 911 985 1004 illorum
1027 940 1198 1039 tempo-
1260 1021 1262 1026 Ι

258 1067 356 1159 rum
399 1105 462 1162 res
495 1074 662 1197 egregie
715 1070 998 1164 illustrantur.
1049 1067 1215 1160 Plures

178 1233 180 1244 '
264 1221 370 1315 aliae
410 1251 505 1318 sunt
537 1252 627 1332 tum
670 1229 714 1316 in
746 1226 896 1337 Italia,
948 1256 1037 1319 tum
1079 1253 1197 1346 extra

259 1376 434 1470 ltaliam·
477 1381 703 1508 pubblicae
756 1383 1044 1475 bibliothecae
1095 1383 1198 1474 anti·

261 1565 434 1656 quarum
465 1535 722 1643 editionum,
755 1567 862 1660 quae
895 1536 1071 1657 primum
1097 1559 1196 1656 post

262 1697 356 1778 mss.¹
386 1687 553 1781 codices
585 1689 726 1782 locum
758 1714 991 1813 occupant,
1020 1722 1067 1778 ac
1100 1720 1193 1778 mss.

262 1843 361 1968 ipsis
393 1841 633 1965 codicibus
681 1837 1015 1971 aequiparandae
1067 1871 1196 1954 sunt;
1302 1956 1305 1960 ³

262 1992 512 2088 collectione
544 2000 753 2123 insignes3
782 2033 860 2090 nec
879 1975 952 2090 diu
972 2024 1060 2106 est,
1080 1995 1198 2126 quod

264 2129 654 2274 praestantissimam
671 2179 677 2254 ζ
685 2150 949 2243 eruditissimi
999 2150 1196 2242 Bandinii

262 2300 473 2395 beneficio
513 2303 751 2398 Florentiae
793 2307 884 2398 vidi
929 2311 980 2395 in
1016 2305 1198 2397 Lauren-

260 2459 405 2546 tiana.
469 2455 587 2550 Inter
623 2462 824 2582 'privatas
876 2491 981 2549 vero
1034 2461 1224 2580 copia„

260 2617 425 2707 raritate
459 2647 507 2704 ac
539 2615 790 2739 praestantia
823 2635 943 2704 sese
975 2644 1198 2738 magnope·

258 2771 596 2862 recommendat
629 2768 775 2860 harum
807 2764 1039 2858 editionum
1065 2799 1197 2890 appa-·

139 2965 141 2968 ·
259 2931 402 3034 ratus,
426 2929 560 3050 quem
596 2921 758 3015 Romae
790 2921 922 3014 abbas
943 2917 1192 3030 De-ssRossi‚

259 3071 567 3168 Amstelodami
615 3107 751 3170 autem
804 3075 993 3168 eruditus
1036 3075 1195 3166 medio-

258 3223 437 3320 lanensis
488 3229 637 3322 Petrus
699 3228 915 3320 Antonius
969 3226 1195 3318 Crevenna
1308 3297 1309 3302 a

258 3373 547 3501 collegerunt3
580 3415 758 3505 quorum
791 3381 929 3473 studia
963 3413 1011 3471 ac
1044 3379 1191 3473 laudes

257 3565 406 3656 magna
437 3567 548 3622 nunc
563 3537 831 3625 contentione
867 3531 1042 3624 Taurini
1061 3567 1228 3625 aemuae*

256 3685 366 3778 latur
396 3685 640 3778 clarissimus
672 3719 812 3779 comes
861 3685 1088 3793 Durandus
1120 3685 1193 3778 De

136 3833 139 3846 ’
260 3839 379 3934 Villa
387 3841 413 3952 >‚'
444 3846 561 3972 cujus
605 3844 866 3940 bibliotheca
910 3879 997 3938 non
1029 3845 1192 3935 rarissia

259 4001 334 4091 mis
375 3997 503 4092 modo
563 3998 851 4144 celebriorum
887 3995 1194 4129 typographo-
