3404 5208
1127 614 1175 697 95

261 734 348 804 morli
372 758 413 801 ex
436 733 495 802 illa
521 729 747 829 transtatione,
786 757 881 823 quam
906 729 964 797 vix
982 729 1102 819 judaei
1124 729 1182 795 in·-

143 875 147 884 ’
252 858 433 950 redigunt,
470 851 576 944 referre
591 849 732 949 poffirnt
749 851 930 947 tlrrisliani,
963 873 1030 918 non
1061 848 1181 940 liquet,

261 969 295 1044 o
319 997 355 1044 tet
378 976 454 1044 olim
478 975 618 1065 Aquilae
633 971 820 1069 contentiofi
839 973 1014 1063 interpretis
1035 973 1183 1040 condent-

260 1117 340 1166 nata
372 1094 413 1190 est
437 1089 640 1181 κακοξηλὶα,
665 1097 713 1164 ita
747 1120 838 1164 nemo
862 1095 968 1186 fanus
1003 1091 1184 1163 laudaverit

252 1213 468 1306 ferrariensem
493 1214 581 1310 istam
605 1211 801 1311 verfionem,
834 1239 914 1306 qttae
938 1215 1035 1282 nimis
1060 1209 1184 1308 affet‘sa-

260 1359 295 1405 re
320 1336 378 1432 est,
402 1327 538 1428 dumque
559 1339 797 1431 grammaticam
819 1361 918 1404 unam
943 1335 1067 1426 respicit
1092 1336 1198 1410 inter-¹

253 1483 355 1550 pres,
387 1461 448 1526 vix
471 1459 602 1549 sensum
636 1459 807 1548 exprimit.
839 1457 886 1528 At
920 1453 1020 1526 aliter
1050 1447 1185 1549 prorsus
1209 1453 1222 1549 s
1294 1548 1296 1552 Ι

258 1570 406 1650 sentiunt
430 1574 558 1674 hispani
583 1575 824 1675 ips1‚quorum
849 1575 1011 1670 judicium
1035 1595 1101 1644 nec
1126 1572 1188 1642 ini·

243 1722 383 1803 quum,
408 1721 473 1771 nec
498 1698 817 1797 parvipendendum
843 1686 907 1770 esse
932 1696 1078 1792 prudens
1103 1685 1187 1788 quis-

187 1888 189 1892 .
259 1822 349 1918 pianr
373 1816 583 1906 adh-tinebit,
608 1819 665 1917 qui
691 1819 793 1906 sciat,
811 1843 855 1892 ex
881 1815 1055 1916 Augustini
1080 1811 1184 1886 effato

248 1964 348 2038 vquae
373 1966 417 2014 ex
440 1943 560 2018 alienis
586 1944 707 2045 linguis
726 1945 891 2028 veniunt,
917 1941 960 2014 ab
986 1964 1102 2014 earum
1127 1937 1187 2008 lin-

254 2087 399 2164 guarum
423 2063 617 2142 horninibus
641 2065 706 2142 esse
732 2066 957 2162 quaerenda.
983 2065 1084 2160 Apud
1110 2053 1187 2134 suos

261 2208 376 2260 antem
399 2191 441 2262 &
464 2193 603 2262 maximi
633 2189 715 2262 olim
739 2187 859 2259 habita
884 2183 979 2257 fuisse
1002 2183 1189 2256 ferrarien-

260 2303 304 2374 sra
328 2306 454 2390 Biblia‚
477 2310 518 2382 &
541 2311 679 2381 maximi
704 2307 814 2380 adhuc
838 2305 958 2377 haberi
983 2301 1107 2376 summa
1130 2305 1188 2374 mi-

260 2421 295 2494 hi
320 2420 386 2496 fide
412 2421 549 2499 testatus
578 2425 625 2500 est
650 2428 788 2497 Romae·
804 2420 1041 2494 oculatiffimus
1067 2417 1188 2516 Hispa-

262 2549 397 2620 niarum
430 2547 530 2646 Regis
569 2545 742 2632 minister,
777 2530 1043 2640 dosliffimusque
1083 2567 1188 2642 eques

261 2667 421 2751 Nicolaus
445 2669 596 2756 Azarra,
633 2673 692 2768 qui
723 2671 762 2743 ὅ(
787 2664 854 2766 ipse
889 2692 1093 2768 magnopere
1128 2665 1188 2740 illa

260 2788 437 2863 aestimat.
463 2792 555 2864 Sane
581 2793 741 2866 Nicolaus
775 2793 966 2877 Antonius,
999 2791 1188 2866 celeberri-

261 2935 335 2986 mus
368 2935 407 2982 ac
447 2912 655 3011 graviffimus
689 2919 806 2990 autior
838 2913 1022 3013 hispanus,
1064 2912 1187 2990 diserte

258 3032 373 3110 scribit
398 3034 480 3136 (a)t
517 3042 738 3135 Ferrariensem
768 3045 1054 3135 interpretationem
1087 3041 1190 3132 utilis·

249 3160 369 3256 fimam
394 3159 448 3258 effe
472 3163 539 3247 iis,
564 3165 678 3256 quibus
706 3164 893 3257 lrttjttsrnotli
925 3161 1116 3259 versionibus
1141 3159 1190 3228 uti
1237 3179 1240 3183 ’

259 3283 351 3367 litet,
375 3287 421 3350 ad
445 3285 653 3374 exquirendos
678 3287 827 3356 litterales
853 3284 1032 3352 Biblioruni
1049 3281 1187 3375 sensus,

262 3398 539 3491 &conferendam
554 3384 627 3472 erem
652 3407 787 3498 antiqua
812 3407 871 3474 itta
890 3405 1085 3498 praesentem
1110 3399 1187 3496 Hifi

154 3513 155 3516 Ἴ
254 3523 378 3617 patriar
416 3523 534 3620 nostrae
569 3524 734 3620 linguam,
770 3549 865 3618 atqtte
901 3528 972 3616 ejus
1011 3533 1148 3600 vocabttl
1179 3582 1188 3600 .

252 3645 425 3722 ¹Concinit
470 3643 610 3722 alterius
656 3649 948 3745 interpretationis
995 3644 1185 3747 hispanicae

262 3769 379 3840 nullos
410 3792 483 3840 non
520 3763 681 3843 obscurus
720 3769 935 3846 caffiodorus
968 3774 1011 3846 de
1047 3771 1189 3870 Reynn,

325 4045 359 4101 (a)
379 4039 427 4091 Cir.
443 4039 499 4093 loeo
516 4042 690 4098 Bibliothecae
709 4044 780 4114 Hisp.
798 4048 912 4102 reseris.
