<?xml version="1.0" encoding="UTF-8"?>
<!DOCTYPE html PUBLIC "-//W3C//DTD XHTML 1.0 Transitional//EN"
    "http://www.w3.org/TR/xhtml1/DTD/xhtml1-transitional.dtd">
<html xmlns="http://www.w3.org/1999/xhtml" xml:lang="en" lang="en">
 <head>
  <title>
</title>
<meta http-equiv="Content-Type" content="text/html;charset=utf-8" />
  <meta name='ocr-system' content='tesseract 3.04.00' />
  <meta name='ocr-capabilities' content='ocr_page ocr_carea ocr_par ocr_line ocrx_word'/>
</head>
<body>
  <div class='ocr_page' id='page_1' title='image "./johbernardidero00rossgoog_0118.png"; bbox 0 0 3404 5208; ppageno 0'>
   <div class='ocr_carea' id='block_1_1' title="bbox 1136 587 1190 668">
    <p class='ocr_par' dir='ltr' id='par_1_1' title="bbox 1136 587 1190 668">
     <span class='ocr_line' id='line_1_1' title="bbox 1136 587 1190 668; baseline 0.037 -2"><span class='ocrx_word' id='word_1_1' title='bbox 1136 587 1190 668; x_wconf 85' lang='lat'>99</span> 
     </span>
    </p>
   </div>
   <div class='ocr_carea' id='block_1_2' title="bbox 158 693 1194 802">
    <p class='ocr_par' dir='ltr' id='par_1_2' title="bbox 158 693 1194 802">
     <span class='ocr_line' id='line_1_2' title="bbox 158 693 1194 802; baseline -0.01 -25"><span class='ocrx_word' id='word_1_2' title='bbox 158 787 161 793; x_wconf 51' lang='grc'>,</span> <span class='ocrx_word' id='word_1_3' title='bbox 233 797 235 802; x_wconf 64' lang='lat'>,</span> <span class='ocrx_word' id='word_1_4' title='bbox 266 702 346 776; x_wconf 82' lang='lat' dir='ltr'>alias</span> <span class='ocrx_word' id='word_1_5' title='bbox 378 702 687 778; x_wconf 86' lang='lat' dir='ltr'>amstelodamenses</span> <span class='ocrx_word' id='word_1_6' title='bbox 719 696 967 798; x_wconf 85' lang='lat' dir='ltr'>hispanicorum</span> <span class='ocrx_word' id='word_1_7' title='bbox 1011 693 1194 770; x_wconf 87' lang='lat' dir='ltr'><strong>bibliorum</strong></span> 
     </span>
    </p>
   </div>
   <div class='ocr_carea' id='block_1_3' title="bbox 67 817 1192 918">
    <p class='ocr_par' dir='ltr' id='par_1_3' title="bbox 67 817 1192 918">
     <span class='ocr_line' id='line_1_3' title="bbox 67 817 1192 918; baseline -0.006 -23"><span class='ocrx_word' id='word_1_8' title='bbox 67 876 69 880; x_wconf 86' lang='lat'><em>-</em></span> <span class='ocrx_word' id='word_1_9' title='bbox 114 847 116 852; x_wconf 89' lang='lat'>·</span> <span class='ocrx_word' id='word_1_10' title='bbox 266 823 433 895; x_wconf 87' lang='lat' dir='ltr'>editiones</span> <span class='ocrx_word' id='word_1_11' title='bbox 464 826 671 896; x_wconf 80' lang='lat' dir='ltr'>recentiores</span> <span class='ocrx_word' id='word_1_12' title='bbox 697 822 787 918; x_wconf 90' lang='lat' dir='ltr'>apud</span> <span class='ocrx_word' id='word_1_13' title='bbox 817 817 1025 892; x_wconf 90' lang='lat' dir='ltr'>liburnenses</span> <span class='ocrx_word' id='word_1_14' title='bbox 1050 819 1192 914; x_wconf 85' lang='lat' dir='ltr'>judaeos</span> 
     </span>
    </p>
   </div>
   <div class='ocr_carea' id='block_1_4' title="bbox 250 939 1282 2998">
    <p class='ocr_par' dir='ltr' id='par_1_4' title="bbox 250 939 1282 2628">
     <span class='ocr_line' id='line_1_4' title="bbox 261 939 1282 1052; baseline -0.002 -36"><span class='ocrx_word' id='word_1_15' title='bbox 261 944 343 1016; x_wconf 93' lang='lat' dir='ltr'>olim</span> <span class='ocrx_word' id='word_1_16' title='bbox 367 947 462 1032; x_wconf 90' lang='lat' dir='ltr'>vidi,</span> <span class='ocrx_word' id='word_1_17' title='bbox 487 971 629 1043; x_wconf 87' lang='lat' dir='ltr'>quarum</span> <span class='ocrx_word' id='word_1_18' title='bbox 655 945 761 1021; x_wconf 87' lang='lat' dir='ltr'>altera</span> <span class='ocrx_word' id='word_1_19' title='bbox 793 950 832 1019; x_wconf 93' lang='lat' dir='ltr'>in</span> <span class='ocrx_word' id='word_1_20' title='bbox 856 948 979 1020; x_wconf 72' lang='lat' dir='ltr'>oslava</span> <span class='ocrx_word' id='word_1_21' title='bbox 1003 944 1109 1019; x_wconf 86' lang='lat' dir='ltr'>sorma</span> <span class='ocrx_word' id='word_1_22' title='bbox 1133 939 1194 1016; x_wconf 87' lang='lat' dir='ltr'>sub</span> <span class='ocrx_word' id='word_1_23' title='bbox 1259 963 1282 1052; x_wconf 64' lang='grc' dir='ltr'> </span> 
     </span>
     <span class='ocr_line' id='line_1_5' title="bbox 258 1060 1197 1163; baseline -0.003 -25"><span class='ocrx_word' id='word_1_24' title='bbox 258 1065 359 1162; x_wconf 90' lang='lat' dir='ltr'>hujus</span> <span class='ocrx_word' id='word_1_25' title='bbox 398 1063 503 1142; x_wconf 90' lang='lat' dir='ltr'>seculi</span> <span class='ocrx_word' id='word_1_26' title='bbox 538 1070 690 1154; x_wconf 89' lang='lat' dir='ltr'>initium,</span> <span class='ocrx_word' id='word_1_27' title='bbox 730 1067 838 1140; x_wconf 87' lang='lat' dir='ltr'>altera</span> <span class='ocrx_word' id='word_1_28' title='bbox 880 1092 966 1143; x_wconf 87' lang='lat' dir='ltr'>vero</span> <span class='ocrx_word' id='word_1_29' title='bbox 1001 1060 1197 1163; x_wconf 89' lang='lat' dir='ltr'>splendidis-</span> 
     </span>
     <span class='ocr_line' id='line_1_6' title="bbox 250 1183 1190 1284; baseline 0.001 -26"><span class='ocrx_word' id='word_1_30' title='bbox 250 1183 329 1258; x_wconf 85' lang='lat' dir='ltr'>srma</span> <span class='ocrx_word' id='word_1_31' title='bbox 361 1210 453 1259; x_wconf 86' lang='lat' dir='ltr'>anno</span> <span class='ocrx_word' id='word_1_32' title='bbox 496 1209 612 1284; x_wconf 72' lang='lat'>5522,</span> <span class='ocrx_word' id='word_1_33' title='bbox 646 1185 766 1262; x_wconf 83' lang='lat' dir='ltr'>Christi</span> <span class='ocrx_word' id='word_1_34' title='bbox 808 1195 896 1284; x_wconf 77' lang='lat'>1762</span> <span class='ocrx_word' id='word_1_35' title='bbox 932 1192 970 1262; x_wconf 92' lang='lat' dir='ltr'>in</span> <span class='ocrx_word' id='word_1_36' title='bbox 1005 1188 1088 1260; x_wconf 88' lang='lat' dir='ltr'>solio</span> <span class='ocrx_word' id='word_1_37' title='bbox 1113 1211 1190 1260; x_wconf 91' lang='lat' dir='ltr'>cum</span> 
     </span>
     <span class='ocr_line' id='line_1_7' title="bbox 250 1291 1229 1386; baseline 0.002 -6"><span class='ocrx_word' id='word_1_38' title='bbox 250 1305 412 1380; x_wconf 89' lang='lat' dir='ltr'>hebraico</span> <span class='ocrx_word' id='word_1_39' title='bbox 437 1329 535 1382; x_wconf 82' lang='lat' dir='ltr'>textu</span> <span class='ocrx_word' id='word_1_40' title='bbox 571 1305 706 1386; x_wconf 84' lang='lat' dir='ltr'>duabus</span> <span class='ocrx_word' id='word_1_41' title='bbox 748 1312 912 1386; x_wconf 89' lang='lat' dir='ltr'>columnis</span> <span class='ocrx_word' id='word_1_42' title='bbox 945 1311 1097 1384; x_wconf 73' lang='lat' dir='ltr'>distinsla</span> <span class='ocrx_word' id='word_1_43' title='bbox 1131 1314 1194 1386; x_wconf 88' lang='lat' dir='ltr'>Jo-</span> <span class='ocrx_word' id='word_1_44' title='bbox 1224 1291 1229 1300; x_wconf 58' lang='grc'><em>’</em></span> 
     </span>
     <span class='ocr_line' id='line_1_8' title="bbox 254 1428 1218 1538; baseline 0.001 -35"><span class='ocrx_word' id='word_1_45' title='bbox 254 1428 376 1529; x_wconf 86' lang='lat' dir='ltr'>sephi,</span> <span class='ocrx_word' id='word_1_46' title='bbox 398 1431 540 1538; x_wconf 82' lang='lat' dir='ltr'>Jacobi,</span> <span class='ocrx_word' id='word_1_47' title='bbox 566 1435 607 1508; x_wconf 69' lang='grc' dir='ltr'>δε</span> <span class='ocrx_word' id='word_1_48' title='bbox 631 1429 816 1508; x_wconf 80' lang='lat' dir='ltr'>Abrahami</span> <span class='ocrx_word' id='word_1_49' title='bbox 840 1429 989 1533; x_wconf 88' lang='lat' dir='ltr'>Proopfii</span> <span class='ocrx_word' id='word_1_50' title='bbox 1012 1429 1096 1506; x_wconf 81' lang='lat' dir='ltr'>cura</span> <span class='ocrx_word' id='word_1_51' title='bbox 1120 1455 1218 1530; x_wconf 84' lang='lat' dir='ltr'>pro·-</span> 
     </span>
     <span class='ocr_line' id='line_1_9' title="bbox 253 1552 1197 1656; baseline 0.002 -32"><span class='ocrx_word' id='word_1_52' title='bbox 253 1553 343 1624; x_wconf 90' lang='lat' dir='ltr'>diit.</span> <span class='ocrx_word' id='word_1_53' title='bbox 379 1552 448 1626; x_wconf 88' lang='lat' dir='ltr'>Sed</span> <span class='ocrx_word' id='word_1_54' title='bbox 487 1579 591 1650; x_wconf 92' lang='lat' dir='ltr'>quum</span> <span class='ocrx_word' id='word_1_55' title='bbox 622 1559 682 1628; x_wconf 79' lang='lat' dir='ltr'>vix</span> <span class='ocrx_word' id='word_1_56' title='bbox 718 1583 800 1656; x_wconf 88' lang='lat' dir='ltr'>prae</span> <span class='ocrx_word' id='word_1_57' title='bbox 833 1556 991 1634; x_wconf 89' lang='lat' dir='ltr'>manibus</span> <span class='ocrx_word' id='word_1_58' title='bbox 1025 1556 1099 1629; x_wconf 88' lang='lat' dir='ltr'>illas</span> <span class='ocrx_word' id='word_1_59' title='bbox 1132 1555 1197 1627; x_wconf 85' lang='lat' dir='ltr'>ha·</span> 
     </span>
     <span class='ocr_line' id='line_1_10' title="bbox 253 1672 1195 1776; baseline 0.004 -29"><span class='ocrx_word' id='word_1_60' title='bbox 253 1672 413 1763; x_wconf 89' lang='lat' dir='ltr'>buerim,</span> <span class='ocrx_word' id='word_1_61' title='bbox 453 1677 649 1776; x_wconf 86' lang='lat' dir='ltr'>nullamque</span> <span class='ocrx_word' id='word_1_62' title='bbox 674 1682 866 1754; x_wconf 89' lang='lat' dir='ltr'>earumdem</span> <span class='ocrx_word' id='word_1_63' title='bbox 893 1681 1111 1755; x_wconf 87' lang='lat' dir='ltr'>collationem</span> <span class='ocrx_word' id='word_1_64' title='bbox 1142 1683 1195 1752; x_wconf 89' lang='lat' dir='ltr'>in·</span> 
     </span>
     <span class='ocr_line' id='line_1_11' title="bbox 254 1795 1195 1888; baseline 0.004 -19"><span class='ocrx_word' id='word_1_65' title='bbox 254 1795 446 1886; x_wconf 84' lang='lat' dir='ltr'>stituerinr,</span> <span class='ocrx_word' id='word_1_66' title='bbox 482 1799 624 1874; x_wconf 86' lang='lat' dir='ltr'>delinire</span> <span class='ocrx_word' id='word_1_67' title='bbox 663 1799 720 1876; x_wconf 87' lang='lat' dir='ltr'>hic</span> <span class='ocrx_word' id='word_1_68' title='bbox 755 1829 827 1878; x_wconf 91' lang='lat' dir='ltr'>non</span> <span class='ocrx_word' id='word_1_69' title='bbox 854 1804 989 1888; x_wconf 80' lang='lat' dir='ltr'>audeo,</span> <span class='ocrx_word' id='word_1_70' title='bbox 1021 1825 1104 1876; x_wconf 89' lang='lat' dir='ltr'>num</span> <span class='ocrx_word' id='word_1_71' title='bbox 1129 1825 1195 1873; x_wconf 89' lang='lat' dir='ltr'>no·</span> 
     </span>
     <span class='ocr_line' id='line_1_12' title="bbox 252 1906 1194 2006; baseline 0.002 -13"><span class='ocrx_word' id='word_1_72' title='bbox 252 1946 350 2006; x_wconf 85' lang='lat' dir='ltr'>vam,</span> <span class='ocrx_word' id='word_1_73' title='bbox 374 1945 419 1996; x_wconf 91' lang='lat' dir='ltr'>an</span> <span class='ocrx_word' id='word_1_74' title='bbox 437 1948 530 1998; x_wconf 87' lang='lat' dir='ltr'>-vero</span> <span class='ocrx_word' id='word_1_75' title='bbox 555 1906 786 2002; x_wconf 83' lang='lat' dir='ltr'>ferrariensem</span> <span class='ocrx_word' id='word_1_76' title='bbox 809 1921 997 2000; x_wconf 79' lang='lat' dir='ltr'>versionem</span> <span class='ocrx_word' id='word_1_77' title='bbox 1022 1921 1194 1996; x_wconf 79' lang='lat' dir='ltr'>referant.</span> 
     </span>
     <span class='ocr_line' id='line_1_13' title="bbox 255 2041 1195 2144; baseline 0.002 -30"><span class='ocrx_word' id='word_1_78' title='bbox 255 2042 381 2118; x_wconf 88' lang='lat' dir='ltr'>Variae</span> <span class='ocrx_word' id='word_1_79' title='bbox 421 2047 524 2119; x_wconf 88' lang='lat' dir='ltr'>etiam</span> <span class='ocrx_word' id='word_1_80' title='bbox 570 2070 686 2144; x_wconf 85' lang='lat' dir='ltr'>partes</span> <span class='ocrx_word' id='word_1_81' title='bbox 722 2041 967 2120; x_wconf 74' lang='lat' dir='ltr'>ferrariensium</span> <span class='ocrx_word' id='word_1_82' title='bbox 1006 2042 1195 2118; x_wconf 87' lang='lat' dir='ltr'>Bibliorum</span> 
     </span>
     <span class='ocr_line' id='line_1_14' title="bbox 251 2145 1193 2266; baseline -0.001 -29"><span class='ocrx_word' id='word_1_83' title='bbox 251 2161 383 2238; x_wconf 88' lang='lat' dir='ltr'>seorfim</span> <span class='ocrx_word' id='word_1_84' title='bbox 406 2166 545 2242; x_wconf 84' lang='lat' dir='ltr'>recusae</span> <span class='ocrx_word' id='word_1_85' title='bbox 572 2165 674 2255; x_wconf 90' lang='lat' dir='ltr'>sunt,</span> <span class='ocrx_word' id='word_1_86' title='bbox 693 2145 737 2244; x_wconf 79' lang='lat' dir='ltr'>ex</span> <span class='ocrx_word' id='word_1_87' title='bbox 762 2167 886 2266; x_wconf 87' lang='lat' dir='ltr'>quibus</span> <span class='ocrx_word' id='word_1_88' title='bbox 903 2171 1057 2264; x_wconf 87' lang='lat' dir='ltr'>quinque</span> <span class='ocrx_word' id='word_1_89' title='bbox 1073 2169 1193 2239; x_wconf 83' lang='lat' dir='ltr'>diver-</span> 
     </span>
     <span class='ocr_line' id='line_1_15' title="bbox 253 2280 1193 2388; baseline 0.004 -32"><span class='ocrx_word' id='word_1_90' title='bbox 253 2283 304 2357; x_wconf 83' lang='lat' dir='ltr'>sas</span> <span class='ocrx_word' id='word_1_91' title='bbox 328 2287 555 2362; x_wconf 89' lang='lat' dir='ltr'>Pentateuchi</span> <span class='ocrx_word' id='word_1_92' title='bbox 602 2293 794 2376; x_wconf 85' lang='lat' dir='ltr'>editiones,</span> <span class='ocrx_word' id='word_1_93' title='bbox 825 2280 950 2388; x_wconf 49' lang='lat' dir='ltr'>&#39;omnes</span> <span class='ocrx_word' id='word_1_94' title='bbox 987 2284 1193 2361; x_wconf 82' lang='lat' dir='ltr'>amsteloda-</span> 
     </span>
     <span class='ocr_line' id='line_1_16' title="bbox 251 2406 1193 2508; baseline 0.002 -27"><span class='ocrx_word' id='word_1_95' title='bbox 251 2406 397 2495; x_wconf 84' lang='lat' dir='ltr'>menses,</span> <span class='ocrx_word' id='word_1_96' title='bbox 427 2410 603 2508; x_wconf 85' lang='lat' dir='ltr'>poffideo,</span> <span class='ocrx_word' id='word_1_97' title='bbox 643 2409 768 2484; x_wconf 88' lang='lat' dir='ltr'>scilicet</span> <span class='ocrx_word' id='word_1_98' title='bbox 807 2409 894 2482; x_wconf 86' lang='lat' dir='ltr'>anni</span> <span class='ocrx_word' id='word_1_99' title='bbox 930 2411 1047 2504; x_wconf 74' lang='lat'>5387,</span> <span class='ocrx_word' id='word_1_100' title='bbox 1073 2428 1193 2506; x_wconf 66' lang='lat'>5403,</span> 
     </span>
     <span class='ocr_line' id='line_1_17' title="bbox 258 2529 1239 2628; baseline -0.004 -1"><span class='ocrx_word' id='word_1_101' title='bbox 258 2534 497 2627; x_wconf 76' lang='lat'>5415,5484,</span> <span class='ocrx_word' id='word_1_102' title='bbox 525 2529 916 2628; x_wconf 73' lang='lat' dir='ltr'>5493,Christ11627‚</span> <span class='ocrx_word' id='word_1_103' title='bbox 943 2540 1057 2628; x_wconf 53' lang='lat'>¹⁶43,</span> <span class='ocrx_word' id='word_1_104' title='bbox 1082 2531 1190 2627; x_wconf 64' lang='lat'>¹⁶55,</span> <span class='ocrx_word' id='word_1_105' title='bbox 1238 2533 1239 2537; x_wconf 67' lang='lat'>‘</span> 
     </span>
    </p>

    <p class='ocr_par' dir='ltr' id='par_1_5' title="bbox 251 2645 1281 2998">
     <span class='ocr_line' id='line_1_18' title="bbox 260 2645 1281 2752; baseline -0.006 -24"><span class='ocrx_word' id='word_1_106' title='bbox 260 2645 380 2747; x_wconf 71' lang='lat'>1724&#39;,</span> <span class='ocrx_word' id='word_1_107' title='bbox 408 2675 523 2748; x_wconf 68' lang='lat'>1733.</span> <span class='ocrx_word' id='word_1_108' title='bbox 548 2651 745 2726; x_wconf 83' lang='lat' dir='ltr'>Nonnullae</span> <span class='ocrx_word' id='word_1_109' title='bbox 780 2653 881 2726; x_wconf 86' lang='lat' dir='ltr'>etiam</span> <span class='ocrx_word' id='word_1_110' title='bbox 905 2646 1007 2725; x_wconf 91' lang='lat' dir='ltr'>solius</span> <span class='ocrx_word' id='word_1_111' title='bbox 1039 2650 1191 2725; x_wconf 91' lang='lat' dir='ltr'>Psalterii</span> <span class='ocrx_word' id='word_1_112' title='bbox 1278 2743 1281 2752; x_wconf 70' lang='lat'>,</span> 
     </span>
     <span class='ocr_line' id='line_1_19' title="bbox 253 2770 1189 2876; baseline -0.004 -25"><span class='ocrx_word' id='word_1_113' title='bbox 253 2778 344 2876; x_wconf 88' lang='lat' dir='ltr'>apud</span> <span class='ocrx_word' id='word_1_114' title='bbox 368 2800 423 2870; x_wconf 83' lang='lat' dir='ltr'>me</span> <span class='ocrx_word' id='word_1_115' title='bbox 446 2796 589 2850; x_wconf 82' lang='lat' dir='ltr'>extant.</span> <span class='ocrx_word' id='word_1_116' title='bbox 621 2775 696 2850; x_wconf 91' lang='lat' dir='ltr'>Hae</span> <span class='ocrx_word' id='word_1_117' title='bbox 720 2770 921 2873; x_wconf 83' lang='lat' dir='ltr'>potillimnm</span> <span class='ocrx_word' id='word_1_118' title='bbox 945 2771 1189 2873; x_wconf 85' lang='lat' dir='ltr'>discrepantiae</span> 
     </span>
     <span class='ocr_line' id='line_1_20' title="bbox 251 2891 1191 2998; baseline -0.003 -26"><span class='ocrx_word' id='word_1_119' title='bbox 251 2901 468 2974; x_wconf 88' lang='lat' dir='ltr'>intercedunt</span> <span class='ocrx_word' id='word_1_120' title='bbox 491 2901 581 2973; x_wconf 89' lang='lat' dir='ltr'>inter</span> <span class='ocrx_word' id='word_1_121' title='bbox 598 2899 833 2998; x_wconf 79' lang='lat' dir='ltr'>primigeniam</span> <span class='ocrx_word' id='word_1_122' title='bbox 860 2891 1091 2972; x_wconf 80' lang='lat' dir='ltr'>ferrariensem</span> <span class='ocrx_word' id='word_1_123' title='bbox 1114 2895 1191 2970; x_wconf 77' lang='lat' dir='ltr'>edi·-</span> 
     </span>
    </p>
   </div>
   <div class='ocr_carea' id='block_1_5' title="bbox 255 3017 1308 3120">
    <p class='ocr_par' dir='ltr' id='par_1_6' title="bbox 255 3017 1308 3120">
     <span class='ocr_line' id='line_1_21' title="bbox 255 3017 1308 3120; baseline -0.005 -25"><span class='ocrx_word' id='word_1_124' title='bbox 255 3023 411 3108; x_wconf 89' lang='lat' dir='ltr'>tionem,</span> <span class='ocrx_word' id='word_1_125' title='bbox 435 3023 476 3096; x_wconf 73' lang='grc' dir='ltr'>ὃ(</span> <span class='ocrx_word' id='word_1_126' title='bbox 515 3018 845 3109; x_wconf 86' lang='lat' dir='ltr'>amstelodamenses,</span> <span class='ocrx_word' id='word_1_127' title='bbox 882 3020 975 3120; x_wconf 90' lang='lat' dir='ltr'>quod</span> <span class='ocrx_word' id='word_1_128' title='bbox 1011 3017 1189 3093; x_wconf 77' lang='lat' dir='ltr'>charasler</span> <span class='ocrx_word' id='word_1_129' title='bbox 1307 3031 1308 3036; x_wconf 77' lang='grc'>’</span> 
     </span>
    </p>
   </div>
   <div class='ocr_carea' id='block_1_6' title="bbox 165 3135 1280 4100">
    <p class='ocr_par' dir='ltr' id='par_1_7' title="bbox 165 3135 1190 3486">
     <span class='ocr_line' id='line_1_22' title="bbox 251 3135 1190 3242; baseline -0.004 -27"><span class='ocrx_word' id='word_1_130' title='bbox 251 3141 407 3242; x_wconf 83' lang='lat' dir='ltr'>gothicus</span> <span class='ocrx_word' id='word_1_131' title='bbox 419 3143 455 3215; x_wconf 93' lang='lat' dir='ltr'>in</span> <span class='ocrx_word' id='word_1_132' title='bbox 468 3146 653 3218; x_wconf 86' lang='lat' dir='ltr'>rotundum</span> <span class='ocrx_word' id='word_1_133' title='bbox 670 3142 709 3216; x_wconf 86' lang='lat' dir='ltr'>fit</span> <span class='ocrx_word' id='word_1_134' title='bbox 725 3148 940 3228; x_wconf 87' lang='lat' dir='ltr'>immutatus,</span> <span class='ocrx_word' id='word_1_135' title='bbox 961 3142 1056 3239; x_wconf 90' lang='lat' dir='ltr'>quod</span> <span class='ocrx_word' id='word_1_136' title='bbox 1071 3135 1190 3212; x_wconf 88' lang='lat' dir='ltr'>subla·</span> 
     </span>
     <span class='ocr_line' id='line_1_23' title="bbox 165 3259 1190 3364; baseline -0.002 -28"><span class='ocrx_word' id='word_1_137' title='bbox 165 3297 167 3301; x_wconf 59' lang='grc'>’</span> <span class='ocrx_word' id='word_1_138' title='bbox 255 3284 293 3336; x_wconf 91' lang='lat' dir='ltr'>ta</span> <span class='ocrx_word' id='word_1_139' title='bbox 314 3263 354 3337; x_wconf 81' lang='lat' dir='ltr'>sit</span> <span class='ocrx_word' id='word_1_140' title='bbox 378 3269 491 3362; x_wconf 86' lang='lat' dir='ltr'>operis</span> <span class='ocrx_word' id='word_1_141' title='bbox 516 3268 707 3352; x_wconf 88' lang='lat' dir='ltr'>dedicatio,</span> <span class='ocrx_word' id='word_1_142' title='bbox 741 3267 843 3364; x_wconf 63' lang='lat' dir='ltr'>,quod</span> <span class='ocrx_word' id='word_1_143' title='bbox 862 3260 1004 3338; x_wconf 87' lang='lat' dir='ltr'>asterisci</span> <span class='ocrx_word' id='word_1_144' title='bbox 1039 3259 1190 3337; x_wconf 79' lang='lat' dir='ltr'>vocabu-</span> 
     </span>
     <span class='ocr_line' id='line_1_24' title="bbox 252 3381 1187 3486; baseline 0 -28"><span class='ocrx_word' id='word_1_145' title='bbox 252 3385 295 3458; x_wconf 88' lang='lat' dir='ltr'>lis</span> <span class='ocrx_word' id='word_1_146' title='bbox 319 3384 442 3459; x_wconf 87' lang='lat' dir='ltr'>dubiae</span> <span class='ocrx_word' id='word_1_147' title='bbox 466 3385 720 3486; x_wconf 83' lang='lat' dir='ltr'>significationis</span> <span class='ocrx_word' id='word_1_148' title='bbox 739 3382 834 3459; x_wconf 83' lang='lat' dir='ltr'>affixi</span> <span class='ocrx_word' id='word_1_149' title='bbox 858 3382 965 3459; x_wconf 83' lang='lat' dir='ltr'>omiffi</span> <span class='ocrx_word' id='word_1_150' title='bbox 980 3381 1068 3471; x_wconf 79' lang='lat' dir='ltr'>sint,</span> <span class='ocrx_word' id='word_1_151' title='bbox 1093 3384 1187 3481; x_wconf 85' lang='lat' dir='ltr'>quod</span> 
     </span>
    </p>

    <p class='ocr_par' dir='ltr' id='par_1_8' title="bbox 252 3490 1280 4100">
     <span class='ocr_line' id='line_1_25' title="bbox 253 3490 1240 3606; baseline -0.002 -26"><span class='ocrx_word' id='word_1_152' title='bbox 253 3505 413 3606; x_wconf 87' lang='lat' dir='ltr'>plurimas</span> <span class='ocrx_word' id='word_1_153' title='bbox 449 3509 585 3596; x_wconf 88' lang='lat' dir='ltr'>demum</span> <span class='ocrx_word' id='word_1_154' title='bbox 622 3506 785 3606; x_wconf 85' lang='lat' dir='ltr'>phrases,</span> <span class='ocrx_word' id='word_1_155' title='bbox 817 3532 860 3579; x_wconf 90' lang='lat' dir='ltr'>ac</span> <span class='ocrx_word' id='word_1_156' title='bbox 892 3504 1000 3582; x_wconf 83' lang='lat' dir='ltr'>verba</span> <span class='ocrx_word' id='word_1_157' title='bbox 1033 3501 1187 3578; x_wconf 82' lang='lat' dir='ltr'>obsoleta</span> <span class='ocrx_word' id='word_1_158' title='bbox 1238 3490 1240 3494; x_wconf 30' lang='lat'><strong><em>¹</em></strong></span> 
     </span>
     <span class='ocr_line' id='line_1_26' title="bbox 252 3625 1188 3736; baseline -0.007 -28"><span class='ocrx_word' id='word_1_159' title='bbox 252 3637 290 3728; x_wconf 82' lang='lat' dir='ltr'>in</span> <span class='ocrx_word' id='word_1_160' title='bbox 314 3632 379 3706; x_wconf 88' lang='lat' dir='ltr'>alia</span> <span class='ocrx_word' id='word_1_161' title='bbox 403 3631 584 3732; x_wconf 86' lang='lat' dir='ltr'>politiora,</span> <span class='ocrx_word' id='word_1_162' title='bbox 618 3651 723 3736; x_wconf 87' lang='lat' dir='ltr'>atque</span> <span class='ocrx_word' id='word_1_163' title='bbox 762 3625 884 3702; x_wconf 84' lang='lat' dir='ltr'>usitata</span> <span class='ocrx_word' id='word_1_164' title='bbox 916 3629 1001 3704; x_wconf 89' lang='lat' dir='ltr'>novi</span> <span class='ocrx_word' id='word_1_165' title='bbox 1039 3627 1188 3701; x_wconf 90' lang='lat' dir='ltr'>editores</span> 
     </span>
     <span class='ocr_line' id='line_1_27' title="bbox 253 3753 1188 3850; baseline -0.009 -18"><span class='ocrx_word' id='word_1_166' title='bbox 253 3758 479 3834; x_wconf 84' lang='lat' dir='ltr'>mutaverint.</span> <span class='ocrx_word' id='word_1_167' title='bbox 518 3753 588 3826; x_wconf 90' lang='lat' dir='ltr'>Sed</span> <span class='ocrx_word' id='word_1_168' title='bbox 619 3755 656 3826; x_wconf 92' lang='lat' dir='ltr'>in</span> <span class='ocrx_word' id='word_1_169' title='bbox 686 3754 836 3826; x_wconf 88' lang='lat' dir='ltr'>editione</span> <span class='ocrx_word' id='word_1_170' title='bbox 873 3756 982 3840; x_wconf 81' lang='lat'>1611,</span> <span class='ocrx_word' id='word_1_171' title='bbox 1022 3755 1123 3850; x_wconf 78' lang='lat' dir='ltr'>quam</span> <span class='ocrx_word' id='word_1_172' title='bbox 1149 3755 1188 3825; x_wconf 94' lang='lat' dir='ltr'>in</span> 
     </span>
     <span class='ocr_line' id='line_1_28' title="bbox 254 3873 1280 3974; baseline -0.011 -16"><span class='ocrx_word' id='word_1_173' title='bbox 254 3881 461 3958; x_wconf 79' lang='lat' dir='ltr'>casanatensi</span> <span class='ocrx_word' id='word_1_174' title='bbox 505 3876 715 3955; x_wconf 89' lang='lat' dir='ltr'>Bibliotheca</span> <span class='ocrx_word' id='word_1_175' title='bbox 762 3873 991 3974; x_wconf 77' lang='lat' dir='ltr'>humanissime</span> <span class='ocrx_word' id='word_1_176' title='bbox 1040 3873 1186 3949; x_wconf 90' lang='lat' dir='ltr'>contulit</span> <span class='ocrx_word' id='word_1_177' title='bbox 1278 3888 1280 3902; x_wconf 82' lang='grc'><em>’</em></span> 
     </span>
     <span class='ocr_line' id='line_1_29' title="bbox 252 3990 1201 4100; baseline -0.016 -18"><span class='ocrx_word' id='word_1_178' title='bbox 252 4004 488 4082; x_wconf 85' lang='lat' dir='ltr'>erudirissimus</span> <span class='ocrx_word' id='word_1_179' title='bbox 524 4005 611 4090; x_wconf 86' lang='lat' dir='ltr'>vir,</span> <span class='ocrx_word' id='word_1_180' title='bbox 651 4002 786 4100; x_wconf 89' lang='lat' dir='ltr'>meique</span> <span class='ocrx_word' id='word_1_181' title='bbox 831 3999 1044 4075; x_wconf 78' lang='lat' dir='ltr'>amicissimus</span> <span class='ocrx_word' id='word_1_182' title='bbox 1083 3990 1201 4068; x_wconf 45' lang='lat' dir='ltr'>Ama(</span> 
     </span>
    </p>
   </div>
   <div class='ocr_carea' id='block_1_7' title="bbox 0 0 1706 5208">
    <p class='ocr_par' dir='ltr' id='par_1_9' title="bbox 0 0 1706 5208">
     <span class='ocr_line' id='line_1_30' title="bbox 0 0 1706 5208; baseline 0 0"><span class='ocrx_word' id='word_1_183' title='bbox 0 0 1706 5208; x_wconf 95' lang='lat' dir='ltr'> </span> 
     </span>
    </p>
   </div>
  </div>
 </body>
</html>
