3404 5208
270 686 393 758 lacuna
417 686 454 754 in
478 682 612 756 duobus
644 681 718 756 aliis
742 683 999 757 christianorum
1035 687 1223 785 exemplis¹

272 832 292 878 a
317 818 372 878 m'e
397 804 548 884 collatis,
573 806 736 880 videlicet
761 809 798 878 in
822 804 975 904 superius
1000 833 1203 882 commemo-

271 951 350 1004 rato
374 915 636 1004 bononiensium
660 929 941 1015 barnabitarutn,
966 951 1070 1028 atque
1096 935 1132 1004 in
1157 932 1202 1006 al·

271 1075 370 1135 tero,
395 1053 490 1148 quod
515 1048 684 1124 beneficio
708 1050 879 1124 doslisfimi
903 1049 1065 1150 praesulis
1081 1057 1202 1154 Foggi·
1331 1057 1332 1060 ’

270 1178 319 1252 nii
343 1176 472 1250 Romae
507 1173 639 1247 contuli
664 1178 701 1248 in
733 1172 948 1248 Bibliotheca
979 1173 1201 1252 Corfiniana,

271 1297 378 1372 Porro
402 1297 551 1372 dubitari
576 1297 700 1394 nequit
714 1277 731 1380 ,
758 1295 843 1392 quin
877 1318 1013 1404 praeter
1051 1299 1201 1393 quinque

221 1426 223 1432 '
270 1417 357 1492 haec
383 1418 450 1494 alia
485 1407 598 1494 adhuc
635 1418 850 1516 reperiantur
886 1417 1039 1514 exempla
1077 1416 1201 1514 absque

269 1541 330 1613 illo
354 1538 509 1625 defertu,
533 1563 620 1638 quae
646 1544 684 1614 in
708 1541 811 1615 variis
836 1540 993 1639 Europae
1019 1527 1202 1616 bibliothe·
1332 1585 1335 1591 ·

269 1665 336 1750 cis,
360 1664 418 1738 vel
442 1669 624 1766 synagogis
639 1657 863 1738 delitescunt.
888 1660 971 1738 Jam'
985 1686 1072 1738 veto
1096 1688 1201 1760 quum

270 1811 310 1860 ea
334 1785 449 1860 iisdem
473 1789 616 1861 omnino
651 1783 796 1890 gothicis
820 1782 934 1883 Usque
969 1788 1062 1885 typis
1087 1785 1202 1862 denuo

268 1906 425 1980 excusum
462 1891 581 1982 solium
621 1909 706 1982 illud
741 1902 926 1995 reserant,
964 1929 985 1980 a
1026 1926 1201 2005 quonam,

267 2025 328 2102 nist
353 2027 396 2100 ab
422 2025 535 2124 Usque
561 2023 653 2127 ipso,
679 2025 745 2102 hoc
770 2021 895 2104 sactum
920 2022 1042 2116 fuisse,
1067 2032 1109 2104 &
1133 2029 1202 2105 edi·

266 2152 396 2222 tionem
419 2147 608 2247 suppletam
641 2144 911 2228 arbitrabimur?
939 2148 1043 2244 ⁴Quid
1068 2144 1200 2228 facilius

269 2292 310 2338 ac
334 2269 556 2346 verosimilius
580 2293 682 2364 quam
705 2261 961 2371 typographum
993 2267 1100 2368 ipsum
1125 2270 1201 2368 post

268 2390 480 2464 divenditam
505 2391 662 2464 editionis
694 2387 771 2466 suae
797 2395 992 2488 portionem
1028 2412 1096 2468 tam
1119 2389 1200 2469 insi-

268 2535 368 2611 gnem
395 2493 553 2585 lacunam
580 2508 875 2600 animadvertiffe,
908 2533 948 2586 ac
972 2507 1200 2612 supplevisse,
1269 2576 1271 2580 .

237 2688 238 2692 ,
267 2631 324 2706 vel
349 2653 520 2729 emptores
545 2630 655 2708 Biblia
680 2655 923 2718 excurrentes,
948 2616 1118 2731 illamque¹
1135 2637 1202 2714 des

268 2777 446 2854 tegentes,
485 2757 570 2852 jure
595 2755 654 2830 suo
681 2755 725 2832 ab
750 2782 792 2832 eo
815 2750 971 2856 petiisse,
1011 2775 1050 2834 ut
1086 2751 1200 2834 rursus

270 2879 425 2977 impresso
449 2878 532 2954 solio
557 2884 602 2974 48
630 2875 877 2979 suppleretur?
906 2877 979 2956 ,sed
1003 2899 1042 2953 ut
1066 2877 1140 2954 sero
1164 2880 1201 2952 id

270 3001 543 3078 animadversum
580 3003 656 3092 ess,
699 3000 874 3079 emendari
914 3000 1049 3098 quidem
1086 3003 1201 3098 potuit
1265 3101 1268 3106 Ι

169 3181 170 3186 1
268 3121 423 3198 desettus
440 3127 477 3198 in
503 3129 565 3212 iis,
582 3149 669 3224 quae
693 3127 909 3224 supererant,
927 3119 1199 3220 exemplaribus,
1302 3125 1320 3147 ²

190 3323 193 3332 ,
269 3244 306 3315 in
331 3243 499 3342 plerisque
524 3273 631 3333 vero,
660 3271 748 3344 quae
774 3248 839 3341 jam
865 3239 1003 3328 fuerant
1027 3239 1200 3328 dislrasla,

268 3385 340 3435 non
364 3367 502 3460 potuit.
528 3366 631 3438 Forte
657 3369 757 3446 etiarn
783 3363 1018 3466 typographi,
1055 3389 1095 3436 ac
1119 3359 1201 3461 pos·
1244 3413 1246 3428 ·

267 3480 399 3558 sesl'ores
424 3482 543 3558 solium
568 3477 700 3562 iteratis
725 3490 818 3586 typis
843 3483 1050 3576 commissum
1069 3481 1135 3559 suo
1150 3484 1200 3560 lo-
1326 3545 1329 3552 Δ

268 3633 310 3680 co
335 3603 479 3684 inserere
504 3606 754 3707 neglexerunt.
791 3611 845 3684 Ad
877 3608 1024 3705 priorem
1062 3603 1195 3691 clasl‘em

268 3725 446 3819 reserenda
470 3728 582 3816 sunt,¹
606 3753 694 3826 quae
717 3729 793 3810 sunt
819 3725 943 3826 absque
977 3727 1118 3817 lacuna,
1151 3729 1195 3802 ad

267 3847 505 3946 posteriorem,
540 3875 628 3948 quae
652 3877 725 3954 earn
752 3849 936 3937 exhibent,
972 3849 1029 3934 rel
1056 3853 1092 3924 in
1119 3853 1198 3944 qui-

267 3968 332 4050 bus
365 3967 579 4069 possessorum
618 3979 750 4056 'tantum
787 3995 889 4048 manu
928 3975 971 4048 ad
1006 3974 1202 4070 marginem.

1460 2657 1470 2704 l
