3428 5180
479 621 497 676 -1
512 620 531 672 2

475 727 646 800 Incertum
671 724 742 811 est,
777 749 858 798 num
889 725 1014 830 reliqui
1039 724 1107 796 duo
1130 728 1269 798 ordines
1293 725 1406 800 iucem

474 849 644 935 viderint,
677 873 850 945 quumque
874 872 986 920 meum
1010 846 1186 945 exemplar
1211 870 1315 946 atque
1348 871 1406 922 ut-

475 994 621 1066 rumque
648 967 861 1044 casanatense
885 966 973 1042 solos
997 972 1126 1067 priores
1149 973 1288 1045 ordines
1312 996 1407 1043 com·
1452 1003 1454 1006 ·
1524 1049 1537 1060 ,
1568 947 1571 965 ³

474 1092 683 1192 plediantur,
709 1090 930 1166 verofimilius
954 1091 1145 1185 putaverim
1170 1115 1242 1164 non
1267 1093 1404 1180 vidisse3

475 1212 533 1287 etfi
556 1213 728 1286 Chaiimus
753 1216 901 1284 animum
925 1209 1110 1296 habuerit,
1146 1239 1266 1312 quum.
1282 1213 1404 1287 secun-

473 1338 553 1408 dum
579 1331 742 1420 absolvit,
755 1355 888 1406 ceteros
902 1335 1047 1408 edendi.
1072 1334 1297 1434 Reliquorum
1311 1342 1404 1410 enim

475 1454 641 1536 librorum
666 1457 828 1540 nomine,
853 1457 895 1528 ad
921 1481 1007 1552 quos
1034 1461 1422 1545 exarandosdivinum

474 1581 511 1652 in
544 1577 742 1678 epygraphe
768 1577 931 1650 auxilium
955 1585 1063 1677 petit,
1097 1581 1193 1668 bini,
1226 1586 1284 1680 qui
1307 1580 1407 1680 supe-

475 1721 612 1784 rerant,
636 1701 775 1771 ordines
801 1698 1012 1794 intelligendi
1037 1698 1136 1772 sunt.
1170 1702 1296 1788 Forte,
1324 1727 1409 1798 pro-

474 1822 652 1896 crastinata
683 1819 906 1915 posteriorum
944 1819 1102 1889 ordinum
1135 1821 1310 1906 editione,
1331 1846 1408 1892 eu-

474 1947 572 2017 diens
596 1943 709 2038 parari
728 1935 903 2010 Plebisacii
927 1960 1053 2010 novam
1077 1963 1117 2010 ac
1141 1943 1406 2014 commodiorem
1470 2025 1473 2032 ¹

474 2065 685 2148 editionem,
710 2059 847 2132 illorum
875 2060 1088 2136 edendorum
1113 2059 1286 2137 confilium
1302 2068 1404 2162 depo·

472 2185 566 2260 suit.
589 2183 658 2256 Nisi
681 2186 832 2258 dicamus
865 2179 967 2264 solos¹
988 2210 1065 2258 eum
1101 2189 1236 2285 priores
1266 2189 1405 2260 ordines
1473 2280 1474 2284 Ἰ

472 2311 564 2408 apud
587 2306 661 2381 suos
686 2307 877 2380 usrtatiores
907 2307 1010 2383 edere
1049 2310 1273 2397 constituisse,
1298 2332 1336 2383 ut
1361 2313 1404 2384 de

472 2432 589 2508 Orach
624 2430 748 2504 chaiim
773 2455 866 2504 anno
894 2433 981 2526 1485
1010 2437 1046 2506 in
1073 2433 1250 2516 ,Lusitania
1272 2431 1405 2507 seorslm

474 2557 568 2629 edito
585 2552 711 2626 faiium
727 2551 772 2625 est
786 2551 866 2652 (a).
889 2553 1068 2652 Quidquid
1083 2581 1168 2632 vero
1183 2559 1226 2630 de
1244 2559 1406 2630 editionis

473 2676 704 2777 perfeiiione,
738 2673 795 2746 vei
832 2675 1089 2771 imperfediione
1125 2669 1307 2749 dicendum
1344 2672 1404 2760 fit,
1480 2739 1485 2758 ,

473 2799 559 2870 illud
587 2816 720 2868 certum
754 2793 800 2865 est
836 2818 912 2866 eam
940 2792 1004 2866 esse
1039 2797 1262 2888 primariam,
1299 2814 1414 2888 atque,

471 2914 642 3014 hucusque
667 2915 908 2988 hebraicarum
933 2918 1088 2988 omnium
1114 2917 1305 2986 editionum
1330 2916 1407 3012 pri-

473 3067 584 3125 mam,
611 3065 699 3138 quae
725 3043 806 3112 anni
825 3039 1112 3139 designationem,
1136 3031 1193 3108 seu
1218 3059 1332 3108 aeram
1349 3034 1408 3106 ha-

404 3189 407 3193 ·
473 3164 554 3238 beat
578 3166 768 3248 adnexam.
801 3161 942 3238 Duabus
976 3159 1141 3234 columnis
1174 3149 1215 3232 ea
1240 3157 1406 3246 constat,

474 3313 514 3361 ac
554 3287 643 3362 foliis
682 3311 772 3374 220,
815 3313 962 3384 quorum
997 3287 1105 3384 priori
1140 3284 1256 3356 ordini
1288 3281 1406 3355 Orach

474 3411 597 3484 chaiim
645 3435 739 3504 129,
780 3411 912 3508 reliqua
946 3429 988 3502 91
1039 3404 1155 3478 nostro
1201 3405 1280 3481 lore
1318 3402 1407 3479 deht

474 3533 657 3608 tribuenda
679 3529 779 3608 sunt.
809 3535 906 3633 Typi
924 3527 1179 3626 semirubbinici
1203 3524 1304 3608 sunt,
1328 3523 1409 3622 ejus·

473 3655 551 3727 dem
575 3649 708 3748 prorsus
734 3649 863 3733 formae
892 3680 969 3727 cum
995 3652 1197 3749 iis,quibus
1223 3650 1267 3723 ab
1283 3652 1406 3726 eodem
1463 3665 1466 3670 “

473 3770 632 3846 Conatho
657 3769 853 3846 Gersonidis
885 3775 1158 3850 Commentarius
1192 3776 1230 3847 in
1254 3774 1407 3875 Legem,

538 4084 576 4140 (a)
599 4077 630 4129 V.
650 4077 693 4128 De
711 4074 784 4128 heht·
800 4085 902 4142 typogt.
919 4075 1020 4144 origine
1033 4086 1067 4126 'ac
1083 4072 1200 4142 primitiis
1216 4088 1273 4139 pag.
1290 4083 1331 4138 ²³·
