3404 5208
542 629 596 706 94
1679 601 1684 696 i

534 717 575 808 lis
601 731 728 806 nullius
753 734 913 804 momenti
931 734 974 806 ad
990 719 1094 803 solam
1120 734 1371 804 contexendam
1387 757 1461 806 ora·
1682 707 1684 830 i

533 859 637 930 tionis
671 853 789 927 seriem
826 852 988 926 adhibitis
1023 871 1205 938 monetur,
1246 856 1289 926 ad
1324 857 1461 950 integra

530 976 771 1074 scripturarum
796 975 873 1048 loca
898 973 1088 1047 transtulit.
1114 975 1167 1048 En
1191 969 1311 1048 cotum
1333 975 1461 1050 verbat

531 1101 566 1169 Y
577 1104 680 1170 dondc
704 1099 850 1170 tartarea
878 1101 955 1196 cstos
980 1100 1099 1168 medios
1124 1101 1257 1168 circulos
1284 1095 1301 1194 (
1326 1105 1345 1196 )
1370 1122 1462 1168 nota·

534 1251 593 1293 tan
618 1229 733 1315 queso
760 1226 799 1293 de
826 1227 934 1294 dentre
970 1225 1068 1293 deltos
1094 1244 1125 1290 cs
1141 1220 1238 1310 fuera
1275 1223 1347 1290 dela
1384 1225 1462 1289 lecta

531 1347 686 1436 hebrayce
706 1370 722 1428 ;
759 1369 829 1413 mas
858 1320 977 1436 cmpcro
1003 1367 1034 1411 cs
1058 1344 1174 1431 ttaydo
1187 1408 1188 1412 ,
1197 1367 1259 1432 por
1282 1345 1330 1410 los
1347 1340 1460 1432 sabt'os

524 1492 609 1558 pata
633 1467 832 1534 declaration
857 1469 910 1534 del
937 1465 1062 1557 sensu.
1094 1460 1135 1532 ln
1170 1485 1238 1555 qua
1263 1461 1401 1555 quidem
1424 1481 1460 1529 re

531 1583 857 1682 non'culpandum‚
880 1580 937 1658 sed
953 1583 1257 1656 commendandum
1280 1578 1327 1652 est
1343 1603 1460 1652 eorum

531 1705 725 1793 consilium,
761 1727 799 1779 ut
833 1709 873 1782 dt
905 1709 942 1778 in
975 1728 1040 1787 eo,
1084 1703 1178 1798 quod
1217 1697 1460 1776 sacrosanctum

529 1829 597 1900 Dei
623 1853 749 1901 nomen
775 1856 867 1904 tatto
894 1847 1061 1924 perpetuo
1083 1823 1322 1908 distinxerint,
1347 1825 1461 1920 &pet

529 1945 692 2039 majorem
717 1947 864 2020 litteram
901 1951 956 2018 .A.
981 1952 1073 2019 inter
1096 1945 1165 2016 duo
1189 1946 1316 2040 poneba
1341 1943 1462 2017 consti·

528 2087 657 2151 tutam,
681 2063 738 2139 seu
763 2069 825 2164 p'er
851 2067 987 2140 Adonai
1012 2061 1261 2160 expresserint,
1295 2085 1334 2136 ut
1356 2065 1462 2136 retiarn

530 2190 566 2258 in
591 2187 744 2262 versrone
769 2188 950 2262 noscerent
974 2187 1142 2272 lectores,
1174 2187 1313 2281 quando
1337 2187 1377 2260 δι
1401 2185 1461 2258 ubi

534 2307 709 2382 ineffabile
725 2310 808 2384 illud
822 2336 948 2383 nomen
962 2308 1204 2410 adhiberetur.
1229 2309 1336 2402 Quod
1354 2333 1461 2405 quan·

428 2501 430 2504 .
530 2451 605 2502 tum
622 2426 768 2517 referat,¹
794 2433 904 2506 velex
919 2409 990 2510 uno
1014 2433 1178 2508 Ieremiae
1194 2431 1273 2503 loco
1300 2455 1415 2504 xxttt.
1439 2437 1460 2506 6

530 2554 611 2628 olim
636 2541 748 2630 docui*
763 2556 848 2654 (a),
872 2561 909 2631 in
936 2579 1006 2653 quo
1032 2554 1075 2625 ad
1101 2547 1347 2652 agnoscendam
1374 2551 1461 2626 Mes·
1517 2553 1522 2561 '

531 2677 595 2750 stae
621 2681 836 2752 divinitatem
870 2704 914 2752 ex
948 2677 1150 2775 primigenio
1188 2697 1311 2760 textu,
1343 2679 1382 2752 ὃ(
1417 2701 1460 2750 ex

533 2798 699 2870 ineffabili
725 2803 819 2894 quod
839 2803 875 2872 in
899 2823 942 2871 co
967 2801 1135 2884 occurrit,
1151 2801 1218 2872 Dei
1242 2802 1379 2873 nomine
1404 2825 1462 2872 ur-

531 2941 656 3019 gentur
680 2920 815 3013 judaei.
1138 2904 1141 2909 ’
1231 3005 1239 3016 „

602 3041 701 3112 Patet
725 3038 827 3129 hinc,
853 3041 1024 3128 arbitror,
1058 3067 1161 3138 quam
1186 3043 1305 3138 inique
1330 3045 1373 3117 de
1399 3070 1462 3116 no·

529 3167 613 3240 strae
656 3161 755 3260 hujus
793 3164 955 3240 verstonis
989 3165 1194 3264 praestantia
1233 3167 1273 3238 δ(
1315 3164 1460 3240 utilitate

528 3288 663 3366 senserit
694 3290 959 3386 Simonius‚qui
984 3293 1020 3362 in
1044 3287 1339 3394 Disquisuionibus
1364 3291 1460 3362 criti-

530 3397 578 3488 cis
602 3415 644 3487 de
670 3418 773 3488 variis
799 3413 987 3486 Bibliorum
1013 3413 1219 3486 editionibus
1237 3409 1295 3512 (b)
1312 3437 1383 3486 non
1402 3415 1459 3486 du·
1510 3418 1513 3426 ’

529 3535 651 3609 bitavit
678 3534 763 3609 haec
788 3538 830 3610 de
848 3560 889 3608 ea
906 3533 1142 3610 conscribere.
1163 3540 1256 3632 Quid
1277 3565 1349 3610 vtro
1375 3565 1462 3642 conz-

533 3688 1456 3714 ⁵⁵.me

429 3824 432 3831 Ι
485 3794 486 3798 =
597 3761 632 3815 (ὃ)
649 3758 691 3811 De
709 3761 851 3828 praecipuis
868 3763 952 3816 caudis
970 3765 1100 3836 neglectae
1125 3763 1196 3816 hebr.
1214 3762 1300 3816 Littet.
1323 3762 1460 3832 Disciplin.

527 3858 585 3910 ru·
609 3845 713 3912 arsat·
842 3850 843 3853 ’
1370 3860 1373 3867 “
1452 3926 1454 3930 .

594 3931 630 3992 (b)
650 3934 707 3999 cap.
724 3935 798 3988 XIV
802 3969 810 3987 .
832 3939 888 3990 th.
905 3943 977 3991 etiam
994 3941 1025 4007 ej.
1042 3941 1153 3995 Histoire
1180 3942 1287 4010 critique
1315 3942 1348 3994 du
1370 3949 1404 3995 v.
1426 3941 1457 3993 T.

527 4040 585 4092 pag.
608 4040 654 4090 3tt.
