3404 5208
1133 575 1179 652 81

327 707 433 804 Quod
455 689 582 806 spetiat
607 693 650 778 ad
686 691 854 802 integrum
889 693 1080 778 Bibliorum
1103 729 1184 776 cor-

253 851 338 925 pus,
372 826 502 896 constat
527 823 615 909 hoc,
648 845 686 895 ut
710 823 867 920 reliqua,
892 829 987 922 typis
1012 825 1181 922 gothicis,

253 977 293 1024 ac
317 949 408 1022 foliis
432 948 618 1024 numeratis
643 969 714 1036 400
736 967 872 1046 praeter
897 945 1054 1032 titulum,
1075 972 1183 1045 prae·-

251 1063 440 1158 fatiottem,
492 1059 672 1152 tabulam,
713 1069 755 1144 δι’
795 1067 1049 1172 epygraphem,
1092 1094 1180 1166 quae

252 1219 321 1266 una
344 1217 421 1267 cum
445 1194 615 1270 editionis
632 1193 770 1292 Regiflro
805 1193 848 1263 ad
872 1187 1002 1262 ¹calcem
1037 1193 1182 1266 exhibe-

245 1337 309 1393 ·tur
332 1313 415 1406 solio
439 1312 614 1410 sejuntto.
637 1313 813 1396 Litterae,
838 1336 927 1406 quae
951 1315 1087 1389 initium
1114 1340 1179 1386 cu-

99 1429 104 1442 '
170 1467 174 1478 ·
250 1436 368 1535 jusque
404 1439 483 1512 libri
509 1463 548 1510 ac
572 1429 727 1511 sectionis
770 1432 1001 1522 00nstituusst2
1038 1459 1180 1513 ornatae

249 1559 348 1647 sunt,
373 1561 555 1658 ligneaque
594 1561 712 1634 tabula
747 1555 962 1654 exsculptae.
999 1559 1180 1632 Librorum

251 1686 365 1769 ordo,
389 1675 491 1779 duem
516 1686 621 1772 editio
645 1681 814 1778 sequitur,
838 1679 883 1751 est
907 1682 1041 1775 judaico
1062 1683 1182 1756 Caum

157 1895 159 1897 Ι
249 1807 284 1878 ni
320 1802 587 1891 consentaneus,
621 1805 714 1900 quod
739 1809 774 1876 in
807 1804 925 1877 tabula
962 1809 1179 1880 animadver-

247 1928 348 2011 titur,
372 1927 431 1998 ubi
454 1929 588 2026 integer
610 1928 833 2022 producitur.
868 1927 953 1997 Eum
979 1934 1082 2000 etiam
1106 1927 1176 2002 fuse

246 2047 457 2146 persequitur
494 2047 650 2121 Clement
687 2046 773 2118 Bibl.
798 2044 926 2118 curiosa
962 2047 1082 2120 libror.
1106 2073 1174 2125 rar.

245 2173 291 2244 Τ.
317 2197 365 2242 ιιι
391 2197 426 2266 p.
451 2193 545 2264 451,
571 2195 615 2242 ne
640 2180 683 2242 e'x
716 2171 813 2239 vario
838 2162 1006 2240 librorum
1031 2171 1175 2256 ordine,
1263 2231 1265 2238 .

243 2295 304 2386 qui
329 2293 365 2360 in
389 2287 478 2360 hisce
496 2268 611 2361 Bibiiis
634 2288 810 2368 servatur,
831 2286 1059 2383 bibliographi
1085 2287 1173 2359 chri·

244 2407 1173 2506 stianiimperfetiaexemplariaperperamconjiciant.

243 2531 333 2603 Illud
356 2552 474 2603 tamen
500 2528 840 2602 animadvertendum
864 2525 911 2598 est
935 2529 971 2596 in
995 2525 1060 2604 hac
1097 2530 1175 2600 edi..

192 2705 198 2712 -
243 2657 346 2750 tione¹
365 2648 534 2730 diversum
559 2649 674 2721 locum
707 2649 859 2744 quinque
886 2650 991 2720 sacris
1016 2646 1173 2721 Volumi-

153 2842 156 2849 .
242 2751 344 2875 nibus
368 2774 503 2847 Cantici
528 2773 767 2852 Canticorum,
791 2769 906 2856 Ruth,
932 2769 1171 2860 Threnorum,

242 2895 474 2981 Eccleiiastis,
490 2897 530 2970 &
554 2893 673 2966 Esther
707 2890 883 2993 affignari.
923 2893 972 2965 Ea
991 2881 1096 2973 ¹enim
1133 2899 1172 2968 in

242 3017 317 3090 aliis
339 3015 574 3102 ,hebraeorum
609 3014 815 3089 editionibus
852 3015 908 3088 vel
947 3017 1056 3089 statim
1092 3017 1166 3114 post

241 3137 536 3222 Pentateuchum,
586 3136 643 3209 vel
682 3162 723 3210 eo
735 3191 751 3224 ,1
786 3133 890 3232 q'uem
929 3140 1020 3209 inter
1075 3142 1170 3235 agio-

240 3260 371 3356 grapha
394 3280 587 3357 occupant,
623 3263 763 3345 ordine,
802 3259 860 3332 vel
898 3261 993 3354 quod
1018 3260 1054 3328 in
1078 3283 1169 3354 pau-
1238 3301 1248 3323 ι

243 3384 292 3453 cis
316 3377 472 3465 sadum,
512 3377 573 3452 sub
611 3361 731 3452 eorum
768 3381 900 3456 initium
942 3377 1171 3452 exhibentur.

242 3502 374 3586 Contra
409 3497 464 3569 hic
503 3496 562 3571 sub
604 3497 887 3600 agiographorum
925 3496 1029 3569 finem
1076 3496 1168 3594 pofi-

240 3644 277 3696 ta
313 3622 556 3717 reperiuntur,
590 3623 677 3692 itaut
718 3620 905 3718 postremus
940 3624 1093 3693 omnium
1126 3621 1171 3694 li-

238 3744 377 3829 brorum
412 3740 450 3814 iit
475 3741 564 3825 liber
587 3739 727 3817 Esther.
763 3747 804 3818 ln
841 3742 1042 3829 nonnulliS,
1077 3770 1168 3840 quae

236 3863 372 3938 secutae
406 3861 510 3950 sunt,
555 3863 765 3938 editionibus
808 3865 893 3938 ordo
917 3865 997 3952 hic,
1036 3869 1169 3938 αι’-1η.
1277 3873 1279 3878 ⁴

145 4045 147 4049 ,
238 3986 341 4066 serius
382 3984 721 4076 animadvertemus,
762 3988 958 4070 immutatus
1000 3985 1047 4060 est
1070 4033 1112 4076 a:
1125 3987 1168 4064 ὃ(

952 4083 1109 4177 s„
