3428 5180
1142 541 1163 626 3

208 607 452 755 'pographum
485 651 631 758 ejusque¹
649 655 834 727 editionem
871 652 969 728 alteri
1004 653 1169 754 praetulit

237 775 438 851 Getsonidis
462 778 706 852 Commentarii
731 779 768 848 in
790 776 914 854 Jobum
939 777 1051 852 mense
1080 781 1170 873 majo
1288 852 1291 859 ,

240 907 322 976 anni
364 926 452 996 1477
492 897 690 988 absolutae,
718 901 791 999 post
829 925 933 999 quam
969 928 1041 976 non
1064 899 1170 974 solum

239 1024 337 1112 sero,
370 1023 426 1098 sed
459 1026 500 1100 &
532 1021 721 1096 inconsulto
757 1021 928 1098 Asceriani
957 1028 1070 1123 operis
1095 1023 1172 1096 edi·

241 1151 371 1221 tionem
396 1149 573 1222 ferrariae
607 1146 872 1219 continuandam
897 1150 926 1220 is
963 1145 1173 1244 suscepisset,

240 1254 320 1342 curn
344 1291 470 1340 novam
503 1291 648 1364 eamque
682 1271 948 1342 commodiorem
980 1269 1172 1342 minoribus

241 1393 336 1488 typis
359 1387 534 1463 Plebisacii
566 1389 742 1462 moliretur
767 1393 811 1462 R.
835 1385 1051 1474 Mestullam‚
1084 1413 1174 1488 quae

205 1541 207 1548 ’
242 1509 357 1609 reapse
381 1514 510 1608 prodiit
536 1511 664 1585 ibidem
697 1535 790 1583 anno
814 1511 970 1610 proxime
1000 1510 1175 1610 sequenti.

243 1633 364 1730 itaque
389 1635 426 1704 in
451 1655 578 1706 annum
602 1630 709 1730 ipsum
739 1631 851 1725 1476,
887 1659 1040 1732 graecae·
1069 1657 1175 1734 typo-

244 1757 408 1856 graphiae
432 1757 629 1852 primordiis
654 1749 930 1842 celeberrimum,
955 1751 1174 1832 referendam

242 1881 333 1952 duco
370 1875 618 1977 typographiae
655 1869 1032 1953 hebraeo-ferrariensis
1068 1852 1177 1981 origi-

122 2007 126 2013 '
241 2025 344 2082 nem,
368 2002 405 2072 in
429 2021 498 2095 qua
522 1996 731 2069 excutienda
755 1994 880 2071 mirum
906 1996 974 2085 est,
1006 2024 1175 2098 quantum

240 2118 417 2216 hucusque
448 2117 648 2193 illustriores
673 2117 730 2216 ipsi
755 2119 986 2223 bibliographi
1010 2127 1177 2199 caecutie-

181 2267 210 2298 ’-
243 2248 336 2328 rint,
364 2249 580 2338 ¹memoratos
615 2243 754 2314 ordines
778 2243 997 2341 ignorantes,
1033 2269 1073 2316 ac
1097 2241 1181 2342 sup-
1238 2270 1243 2278 ¹

243 2362 405 2462 posttitias
420 2382 599 2460 praeterea
618 2359 786 2444 editiones
801 2357 924 2434 secuti.
936 2359 1051 2435 'Rabht
1068 2358 1178 2438 Scabss

244 2489 293 2562 rai
325 2463 507 2584 perdosius
537 2483 700 2579 judaeus,
738 2480 797 2578 qui
813 2469 943 2580 'elapso
974 2481 1086 2562 seculo
1116 2474 1178 2558 sub

245 2608 349 2686 titulo
382 2605 486 2681 Scisti
511 2602 669 2703 jescenim
693 2605 906 2680 rabbinicam
930 2604 1182 2684 Bibliothecant

245 2733 373 2818 edidit,
397 2733 542 2803 inventu
568 2751 661 2800 nunc
687 2719 944 2814 difficillimam,
983 2731 1075 2805 inter
1099 2733 1181 2810 civi·

206 2934 209 2940 ,
245 2879 355 2943 tates,
392 2879 481 2951 quae
504 2851 566 2926 sub
592 2873 666 2925 xvr
691 2848 797 2924 seculi
821 2853 958 2927 initium
979 2873 1090 2927 artem
1115 2853 1180 2934 he.

245 2971 654 3079 braeo-typographieam
692 2966 950 3060 excoluerunt,
984 2974 1178 3048 Ferrariam

247 3103 437 3187 constituit,
473 3098 720 3192 contenditque
745 3119 837 3170 anno
862 3095 1063 3193 judaeorum
1091 3104 1181 3186 267,

149 3265 152 3268 ·
215 3306 218 3312 ,
248 3225 509 3300 christianorum
569 3243 659 3315 ¹50?
704 3213 828 3312 librum
865 3217 1002 3304 Pedach
1040 3219 1182 3292 devarai

249 3347 428 3421 Ferrariae
470 3347 603 3417 editum
639 3341 733 3415 suisse
777 3340 873 3412 Eliae
918 3339 1044 3412 levitae
1089 3341 1182 3413 notis

177 3489 180 3494 ’
248 3453 469 3540 illustratum
492 3462 623 3535 Verum
647 3457 905 3556 observabimus
930 3485 994 3534 nos
1018 3462 1182 3558 deinceps

249 3587 436 3663 editionem
460 3582 549 3656 hanc
573 3574 823 3680 supposititiam
838 3580 923 3668 effe,
946 3605 1013 3654 nec
1037 3579 1184 3664 soiuma

247 3707 417 3782 Scabtaeo
448 3696 675 3804 pisaurensem
707 3699 827 3782 urbem
858 3729 935 3776 curn
970 3701 1183 3790 ferrariensi3

247 3827 305 3904 sed
323 3817 369 3904 ¹&
392 3828 516 3901 bbrum
540 3821 646 3924 ipsum
671 3839 748 3899 cum
773 3825 842 3900 alio
878 3823 1012 3924 prorsus
1046 3822 1181 3900 diverso
1288 3837 1313 3861 *

248 3957 285 4026 in
309 3977 350 4028 ea
373 3953 526 4027 editione
549 3949 739 4056 eonsundi.
761 3949 878 4023 Serius
903 3944 1099 4023 Buxtorfius
1124 3967 1182 4045 ty·
