3404 5208
1102 599 1158 681 97·

227 710 393 787 luminum
434 708 695 806 expositiones,
733 711 911 790 utillimum
951 711 1077 812 dubiae
1116 737 1157 786 ac

228 833 424 930 multiplicis
464 829 713 930 significationis
762 835 932 909 vocabula
979 835 1157 938 diligenter

228 954 409 1055 distingui,
448 952 630 1028 utillimum
672 957 1001 1054 Tetragrammaton
1032 981 1170 1032 nomen-

227 1073 330 1154 solius
353 1076 418 1150 Dei
444 1079 619 1173 proprium
634 1102 654 1148 a
669 1080 793 1150 ceteris'
815 1079 940 1152 divinis
965 1080 1158 1154 nominibus
1252 1141 1253 1146 ,

231 1196 372 1274 studiose
393 1197 541 1294 'ubique
576 1194 717 1274 discerni
733 1251 751 1284 ,
783 1197 967 1272 utillimum
1007 1201 1158 1297 denique

229 1321 415 1398 christianis
442 1320 528 1395 illud
551 1300 714 1404 discerni,
749 1318 810 1394 ubi
834 1320 878 1392 de
894 1317 1012 1394 Meffia
1027 1324 1159 1420 agitur,

234 1463 338 1541 atque
363 1443 675 1539 interpretationes,
691 1434 824 1529 foveri,
848 1467 936 1540 quae
955 1465 1083 1522 ‚contra
1107 1433 1161 1544 ay-

234 1589 403 1666 uagogatn
438 1562 542 1664 ipsam
575 1563 829 1649 christianorum
854 1564 1028 1640 doctrinae
1041 1591 1093 1644 ,ac
1116 1563 1162 1638 fi-

113 1751 115 1756 .
233 1689 289 1763 dei
313 1671 569 1763 luculentissune
592 1685 755 1772 faueant.
781 1688 820 1760 ln
845 1686 902 1766 hia
921 1690 961 1764 &
986 1687 1095 1773 utilis,
1119 1691 1161 1764 dt

176 1867 180 1875 .
232 1812 501 1922 commendanda
535 1808 615 1892 sane
631 1867 636 1872 .
650 1811 697 1886 est
721 1809 936 1919 ferrariense¹
950 1810 1079 1897 uersro,
1102 1809 1161 1886 sed

231 1933 270 2006 in
294 1956 338 2007 eo
360 1933 616 2034 redarguenda,
650 1933 745 2028 quod
779 1933 930 2027 judaicas
967 1933 1160 2019 interdum,

199 2103 200 2106 =
231 2075 336 2151 atque
361 2077 388 2158 a
405 2057 551 2128 veritate
576 2047 718 2126 absonas
755 2048 915 2148 sequatur
950 2053 1160 2150 interpretat·
1276 2046 1278 2050 ’

232 2179 364 2249 tiones.
400 2175 508 2272 Quod
538 2175 694 2254 laudatus
726 2174 927 2273 Dcflieyna
958 2172 1161 2272 potissimum

233 2297 406 2394 redarguit
442 2295 545 2370 Isaiae
569 2299 619 2376 IX
653 2279 740 2370 vers.
766 2301 815 2384 d,
853 2295 913 2368 ubi
949 2297 1084 2372 Messiae
1107 2294 1162 2370 so-

233 2417 305 2492 lum
329 2415 533 2515 postremum
556 2439 684 2492 nornen
707 2422 771 2488 Sar
789 2421 929 2504 dalom,
952 2416 1009 2492 seu
1035 2422 1181 2516 Primi-w

228 2544 286 2635 pis
316 2543 431 2633 paris,
469 2556 584 2617 cetera
610 2563 698 2614 vero
721 2541 869 2622 mutina
904 2542 982 2614 Deo
1018 2541 1161 2630 retulit,

147 2677 150 2684 ‘
234 2682 395 2737 vertenst
428 2665 464 2734 Y
483 2669 584 2742 [lamo
597 2666 644 2761 su
667 2669 793 2736 nombre
817 2670 847 2736 el
868 2667 1109 2761 Marauisloso,
1133 2673 1164 2740 el

177 2777 179 2782 ¹
237 2787 434 2882 Consegcro,
465 2789 495 2858 cs
518 2789 592 2858 Dio
616 2790 790 2884 barragan,
830 2775 861 2858 el
891 2767 997 2858 Padre
1031 2811 1162 2880 eterno,

236 2913 301 2982 Sar
323 2913 460 2984 Salam.
499 2908 565 2983 Etsr
588 2911 629 2988 ὃ(
652 2911 690 2985 in
713 2906 779 2982 hoc
812 2902 1020 3005 summopere
1060 2907 1162 2986 nobis

234 3030 422 3132 proficuam
446 3051 551 3129 atque
582 3032 700 3108 utilem
725 3027 758 3103 se
796 3031 921 3127 prodat
957 3028 1164 3106 ferrariensrs

236 3156 373 3242 editio,
395 3139 435 3227 ut
459 3154 708 3258 intelligamus,
732 3156 767 3225 in
793 3178 863 3250 quo
889 3155 1081 3249 maxime‘a
1104 3177 1166 3226 no·

234 3271 288 3373 bis
310 3275 421 3370 iudaei
446 3273 667 3354 dissentiant.
691 3276 772 3350 Non
796 3272 862 3353 esse
887 3265 1005 3348 tamen
1030 3273 1160 3371 ubique

236 3397 325 3472 adeo
350 3399 620 3498 grammaticam,
657 3421 696 3474 ac
728 3395 1005 3495 superstitiosam,
1039 3419 1079 3471 ut
1101 3399 1166 3498 ,a-

237 3523 374 3596 monius
399 3522 605 3609 contendit,
626 3541 722 3618 patet
747 3543 790 3603 err
813 3516 884 3616 ipso
907 3519 1029 3590 'eudem
1054 3507 1164 3617 prinlo

204 3739 207 3748 ἱ
236 3644 400 3724 uersrculo
434 3640 553 3718 Psalmi
582 3664 628 3730 t,
659 3663 762 3738 quent
794 3637 851 3713 ille
875 3636 1019 3738 ³⁴accusat
1052 3638 1165 3715 serra-

238 3763 381 3843 riensem
420 3769 640 3862 interpretem
673 3758 806 3836 vertisse
846 3765 931 3851 Bien
967 3751 1163 3838 aventurado

238 3897 268 3962 el
291 3893 434 3976 Vama,
458 3910 563 3986 quum
588 3886 632 3958 ad
655 3874 893 3988 grammaticae
916 3886 1060 3984 rigorem
1086 3911 1166 3959 ver-

240 4031 315 4086 tere
350 4012 465 4110 potius
502 4005 667 4084 debuisset
696 4011 782 4082 Bitu
806 4031 1041 4097 aventuranqat
1075 4012 1112 4079 de
1137 4014 1168 4082 el

954 4131 978 4202 ὅ
