<?xml version="1.0" encoding="UTF-8"?>
<!DOCTYPE html PUBLIC "-//W3C//DTD XHTML 1.0 Transitional//EN"
    "http://www.w3.org/TR/xhtml1/DTD/xhtml1-transitional.dtd">
<html xmlns="http://www.w3.org/1999/xhtml" xml:lang="en" lang="en">
 <head>
  <title>
</title>
<meta http-equiv="Content-Type" content="text/html;charset=utf-8" />
  <meta name='ocr-system' content='tesseract 3.04.00' />
  <meta name='ocr-capabilities' content='ocr_page ocr_carea ocr_par ocr_line ocrx_word'/>
</head>
<body>
  <div class='ocr_page' id='page_1' title='image "./johbernardidero00rossgoog_0025.png"; bbox 0 0 3428 5180; ppageno 0'>
   <div class='ocr_carea' id='block_1_1' title="bbox 516 529 1483 732">
    <p class='ocr_par' dir='ltr' id='par_1_1' title="bbox 516 529 1483 732">
     <span class='ocr_line' id='line_1_1' title="bbox 554 529 580 600; baseline 0 -18"><span class='ocrx_word' id='word_1_1' title='bbox 554 529 580 600; x_wconf 88' lang='grc'><strong>4</strong></span> 
     </span>
     <span class='ocr_line' id='line_1_2' title="bbox 516 622 1483 732; baseline -0.006 -27"><span class='ocrx_word' id='word_1_2' title='bbox 516 667 519 674; x_wconf 92' lang='lat'>·</span> <span class='ocrx_word' id='word_1_3' title='bbox 552 657 674 732; x_wconf 90' lang='lat' dir='ltr'>porum</span> <span class='ocrx_word' id='word_1_4' title='bbox 698 622 1120 702; x_wconf 84' lang='lat' dir='ltr'>hebraeo-ferrariensrum</span> <span class='ocrx_word' id='word_1_5' title='bbox 1142 625 1330 722; x_wconf 88' lang='lat' dir='ltr'>primordia</span> <span class='ocrx_word' id='word_1_6' title='bbox 1346 623 1483 712; x_wconf 84' lang='lat' dir='ltr'>statuit,</span> 
     </span>
    </p>
   </div>
   <div class='ocr_carea' id='block_1_2' title="bbox 510 747 1578 3533">
    <p class='ocr_par' dir='ltr' id='par_1_2' title="bbox 516 747 1563 1818">
     <span class='ocr_line' id='line_1_3' title="bbox 516 747 1483 845; baseline -0.006 -17"><span class='ocrx_word' id='word_1_7' title='bbox 516 796 521 806; x_wconf 88' lang='lat'>.</span> <span class='ocrx_word' id='word_1_8' title='bbox 553 759 596 828; x_wconf 88' lang='lat' dir='ltr'>ad</span> <span class='ocrx_word' id='word_1_9' title='bbox 621 780 748 828; x_wconf 89' lang='lat' dir='ltr'>annum</span> <span class='ocrx_word' id='word_1_10' title='bbox 774 751 937 826; x_wconf 87' lang='lat' dir='ltr'>videlicet</span> <span class='ocrx_word' id='word_1_11' title='bbox 966 771 1081 840; x_wconf 77' lang='lat'>1525,</span> <span class='ocrx_word' id='word_1_12' title='bbox 1117 770 1187 845; x_wconf 93' lang='lat' dir='ltr'>quo</span> <span class='ocrx_word' id='word_1_13' title='bbox 1212 747 1409 834; x_wconf 76' lang='lat' dir='ltr'>Penariae,</span> <span class='ocrx_word' id='word_1_14' title='bbox 1445 757 1483 822; x_wconf 75' lang='lat' dir='ltr'>ut‘</span> 
     </span>
     <span class='ocr_line' id='line_1_4' title="bbox 552 866 1484 975; baseline -0.006 -25"><span class='ocrx_word' id='word_1_15' title='bbox 552 875 621 975; x_wconf 75' lang='lat' dir='ltr'>ipse</span> <span class='ocrx_word' id='word_1_16' title='bbox 648 896 836 958; x_wconf 61' lang='lat' dir='ltr'>autuman.</span> <span class='ocrx_word' id='word_1_17' title='bbox 857 873 968 948; x_wconf 84' lang='lat' dir='ltr'>lucem</span> <span class='ocrx_word' id='word_1_18' title='bbox 1003 866 1154 966; x_wconf 76' lang='lat' dir='ltr'>adspexit</span> <span class='ocrx_word' id='word_1_19' title='bbox 1179 871 1350 944; x_wconf 89' lang='lat' dir='ltr'>Peritzolii</span> <span class='ocrx_word' id='word_1_20' title='bbox 1385 871 1484 970; x_wconf 86' lang='lat' dir='ltr'>lghe-</span> 
     </span>
     <span class='ocr_line' id='line_1_5' title="bbox 552 991 1563 1094; baseline -0.008 -22"><span class='ocrx_word' id='word_1_21' title='bbox 552 995 631 1094; x_wconf 76' lang='lat' dir='ltr'>reth</span> <span class='ocrx_word' id='word_1_22' title='bbox 655 993 797 1068; x_wconf 86' lang='lat' dir='ltr'>orechot</span> <span class='ocrx_word' id='word_1_23' title='bbox 825 993 935 1078; x_wconf 86' lang='lat' dir='ltr'>olam;</span> <span class='ocrx_word' id='word_1_24' title='bbox 960 991 1053 1087; x_wconf 90' lang='lat' dir='ltr'>quod</span> <span class='ocrx_word' id='word_1_25' title='bbox 1079 993 1169 1064; x_wconf 87' lang='lat' dir='ltr'>idem</span> <span class='ocrx_word' id='word_1_26' title='bbox 1193 991 1351 1066; x_wconf 88' lang='lat' dir='ltr'>laudatus</span> <span class='ocrx_word' id='word_1_27' title='bbox 1379 992 1486 1064; x_wconf 88' lang='lat' dir='ltr'>Scab-</span> <span class='ocrx_word' id='word_1_28' title='bbox 1560 992 1563 997; x_wconf 75' lang='grc'>’</span> 
     </span>
     <span class='ocr_line' id='line_1_6' title="bbox 554 1109 1485 1216; baseline -0.004 -23"><span class='ocrx_word' id='word_1_29' title='bbox 554 1141 652 1194; x_wconf 87' lang='lat' dir='ltr'>taeus</span> <span class='ocrx_word' id='word_1_30' title='bbox 669 1115 863 1216; x_wconf 84' lang='lat' dir='ltr'>ampliffime</span> <span class='ocrx_word' id='word_1_31' title='bbox 881 1114 1083 1188; x_wconf 86' lang='lat' dir='ltr'>confirmat.</span> <span class='ocrx_word' id='word_1_32' title='bbox 1108 1112 1155 1186; x_wconf 84' lang='lat' dir='ltr'>At</span> <span class='ocrx_word' id='word_1_33' title='bbox 1179 1109 1345 1186; x_wconf 83' lang='lat' dir='ltr'>falluntur</span> <span class='ocrx_word' id='word_1_34' title='bbox 1361 1118 1485 1188; x_wconf 84' lang='lat' dir='ltr'>iterum</span> 
     </span>
     <span class='ocr_line' id='line_1_7' title="bbox 519 1233 1488 1339; baseline -0.009 -22"><span class='ocrx_word' id='word_1_35' title='bbox 519 1273 523 1286; x_wconf 51' lang='grc'><strong><em>«</em></strong></span> <span class='ocrx_word' id='word_1_36' title='bbox 556 1246 717 1339; x_wconf 79' lang='lat' dir='ltr'>utrique,</span> <span class='ocrx_word' id='word_1_37' title='bbox 742 1238 870 1337; x_wconf 88' lang='lat' dir='ltr'>nosque</span> <span class='ocrx_word' id='word_1_38' title='bbox 896 1237 1037 1312; x_wconf 85' lang='lat' dir='ltr'>inferius</span> <span class='ocrx_word' id='word_1_39' title='bbox 1061 1236 1104 1308; x_wconf 86' lang='lat' dir='ltr'>de</span> <span class='ocrx_word' id='word_1_40' title='bbox 1128 1233 1344 1332; x_wconf 71' lang='lat' dir='ltr'>supposititiis</span> <span class='ocrx_word' id='word_1_41' title='bbox 1369 1238 1488 1309; x_wconf 87' lang='lat' dir='ltr'>editio·</span> 
     </span>
     <span class='ocr_line' id='line_1_8' title="bbox 553 1355 1485 1438; baseline -0.009 0"><span class='ocrx_word' id='word_1_42' title='bbox 553 1365 657 1438; x_wconf 90' lang='lat' dir='ltr'>nibus</span> <span class='ocrx_word' id='word_1_43' title='bbox 705 1364 812 1436; x_wconf 74' lang='lat' dir='ltr'>adiuti</span> <span class='ocrx_word' id='word_1_44' title='bbox 849 1361 986 1434; x_wconf 89' lang='lat' dir='ltr'>illorum</span> <span class='ocrx_word' id='word_1_45' title='bbox 1026 1355 1304 1430; x_wconf 87' lang='lat' dir='ltr'>hallucinationis</span> <span class='ocrx_word' id='word_1_46' title='bbox 1341 1355 1485 1430; x_wconf 84' lang='lat' dir='ltr'>caullam</span> 
     </span>
     <span class='ocr_line' id='line_1_9' title="bbox 555 1477 1486 1579; baseline -0.002 -23"><span class='ocrx_word' id='word_1_47' title='bbox 555 1481 782 1566; x_wconf 85' lang='lat' dir='ltr'>evolvemus‚</span> <span class='ocrx_word' id='word_1_48' title='bbox 806 1483 842 1554; x_wconf 91' lang='lat' dir='ltr'>in</span> <span class='ocrx_word' id='word_1_49' title='bbox 875 1505 918 1552; x_wconf 90' lang='lat' dir='ltr'>eo</span> <span class='ocrx_word' id='word_1_50' title='bbox 951 1477 1068 1566; x_wconf 84' lang='lat' dir='ltr'>fitam,</span> <span class='ocrx_word' id='word_1_51' title='bbox 1104 1485 1198 1578; x_wconf 93' lang='lat' dir='ltr'>quod</span> <span class='ocrx_word' id='word_1_52' title='bbox 1224 1507 1382 1568; x_wconf 84' lang='lat' dir='ltr'>annum,</span> <span class='ocrx_word' id='word_1_53' title='bbox 1416 1506 1486 1579; x_wconf 92' lang='lat' dir='ltr'>quo</span> 
     </span>
     <span class='ocr_line' id='line_1_10' title="bbox 519 1601 1489 1736; baseline 0.002 -60"><span class='ocrx_word' id='word_1_54' title='bbox 519 1679 522 1684; x_wconf 77' lang='grc'>,</span> <span class='ocrx_word' id='word_1_55' title='bbox 554 1603 643 1678; x_wconf 89' lang='lat' dir='ltr'>liber</span> <span class='ocrx_word' id='word_1_56' title='bbox 667 1604 711 1677; x_wconf 86' lang='lat' dir='ltr'>ab</span> <span class='ocrx_word' id='word_1_57' title='bbox 737 1604 874 1675; x_wconf 74' lang='lat' dir='ltr'>audiore</span> <span class='ocrx_word' id='word_1_58' title='bbox 899 1601 1095 1736; x_wconf 82' lang='lat' dir='ltr'>elaboratus</span> <span class='ocrx_word' id='word_1_59' title='bbox 1120 1603 1175 1677; x_wconf 84' lang='lat' dir='ltr'>est</span> <span class='ocrx_word' id='word_1_60' title='bbox 1179 1631 1276 1704; x_wconf 89' lang='lat' dir='ltr'>,pro</span> <span class='ocrx_word' id='word_1_61' title='bbox 1302 1630 1395 1681; x_wconf 91' lang='lat' dir='ltr'>anno</span> <span class='ocrx_word' id='word_1_62' title='bbox 1419 1608 1489 1679; x_wconf 88' lang='lat' dir='ltr'>edi·</span> 
     </span>
     <span class='ocr_line' id='line_1_11' title="bbox 554 1726 1044 1818; baseline -0.014 -20"><span class='ocrx_word' id='word_1_63' title='bbox 554 1728 658 1798; x_wconf 89' lang='lat' dir='ltr'>tionis</span> <span class='ocrx_word' id='word_1_64' title='bbox 684 1726 918 1818; x_wconf 87' lang='lat' dir='ltr'>acceperint.</span> <span class='ocrx_word' id='word_1_65' title='bbox 1042 1741 1044 1744; x_wconf 84' lang='lat'>·</span> 
     </span>
    </p>

    <p class='ocr_par' dir='ltr' id='par_1_3' title="bbox 510 1843 1578 3533">
     <span class='ocr_line' id='line_1_12' title="bbox 614 1843 1489 1946; baseline 0.011 -32.139"><span class='ocrx_word' id='word_1_66' title='bbox 614 1847 697 1918; x_wconf 88' lang='lat' dir='ltr'>Sed</span> <span class='ocrx_word' id='word_1_67' title='bbox 721 1845 797 1938; x_wconf 93' lang='lat' dir='ltr'>quis</span> <span class='ocrx_word' id='word_1_68' title='bbox 823 1843 915 1923; x_wconf 89' lang='lat' dir='ltr'>erit,</span> <span class='ocrx_word' id='word_1_69' title='bbox 949 1845 1110 1937; x_wconf 83' lang='lat' dir='ltr'>inquies,</span> <span class='ocrx_word' id='word_1_70' title='bbox 1141 1848 1388 1946; x_wconf 83' lang='lat' dir='ltr'>typographiae</span> <span class='ocrx_word' id='word_1_71' title='bbox 1424 1852 1489 1924; x_wconf 88' lang='lat' dir='ltr'>he-</span> 
     </span>
     <span class='ocr_line' id='line_1_13' title="bbox 555 1957 1489 2062; baseline 0.004 -23"><span class='ocrx_word' id='word_1_72' title='bbox 555 1957 890 2040; x_wconf 71' lang='lat' dir='ltr'>braeo-ferrariensis</span> <span class='ocrx_word' id='word_1_73' title='bbox 915 1961 1135 2062; x_wconf 83' lang='lat' dir='ltr'>progrellus?</span> <span class='ocrx_word' id='word_1_74' title='bbox 1161 1965 1394 2042; x_wconf 87' lang='lat' dir='ltr'>Abrahamum</span> <span class='ocrx_word' id='word_1_75' title='bbox 1418 1971 1489 2043; x_wconf 89' lang='lat' dir='ltr'>ben</span> 
     </span>
     <span class='ocr_line' id='line_1_14' title="bbox 557 2076 1490 2163; baseline 0.002 -2"><span class='ocrx_word' id='word_1_76' title='bbox 557 2085 692 2163; x_wconf 87' lang='lat' dir='ltr'>Chaiim</span> <span class='ocrx_word' id='word_1_77' title='bbox 716 2085 817 2159; x_wconf 90' lang='lat' dir='ltr'>binos</span> <span class='ocrx_word' id='word_1_78' title='bbox 838 2076 926 2156; x_wconf 87' lang='lat' dir='ltr'>solos</span> <span class='ocrx_word' id='word_1_79' title='bbox 952 2083 1058 2160; x_wconf 91' lang='lat' dir='ltr'>libros</span> <span class='ocrx_word' id='word_1_80' title='bbox 1082 2088 1259 2162; x_wconf 83' lang='lat' dir='ltr'>Ferrariae</span> <span class='ocrx_word' id='word_1_81' title='bbox 1286 2087 1422 2162; x_wconf 86' lang='lat' dir='ltr'>edidille</span> <span class='ocrx_word' id='word_1_82' title='bbox 1440 2114 1490 2163; x_wconf 89' lang='lat' dir='ltr'>re·</span> 
     </span>
     <span class='ocr_line' id='line_1_15' title="bbox 557 2189 1492 2310; baseline -0.002 -26"><span class='ocrx_word' id='word_1_83' title='bbox 557 2213 682 2310; x_wconf 87' lang='lat' dir='ltr'>perio,</span> <span class='ocrx_word' id='word_1_84' title='bbox 716 2205 843 2282; x_wconf 87' lang='lat' dir='ltr'>scilicet</span> <span class='ocrx_word' id='word_1_85' title='bbox 868 2189 1024 2283; x_wconf 81' lang='lat' dir='ltr'>ordinem</span> <span class='ocrx_word' id='word_1_86' title='bbox 1049 2208 1128 2286; x_wconf 78' lang='lat' dir='ltr'>Jore</span> <span class='ocrx_word' id='word_1_87' title='bbox 1152 2208 1266 2296; x_wconf 74' lang='lat' dir='ltr'>deba,</span> <span class='ocrx_word' id='word_1_88' title='bbox 1284 2212 1338 2295; x_wconf 48' lang='grc' dir='ltr'>Ἰὅς</span> <span class='ocrx_word' id='word_1_89' title='bbox 1363 2209 1492 2284; x_wconf 83' lang='lat' dir='ltr'>Gerso-</span> 
     </span>
     <span class='ocr_line' id='line_1_16' title="bbox 510 2330 1492 2428; baseline -0.002 -20"><span class='ocrx_word' id='word_1_90' title='bbox 510 2365 523 2386; x_wconf 43' lang='grc' dir='ltr'><strong><em>ἰ</em></strong></span> <span class='ocrx_word' id='word_1_91' title='bbox 558 2335 649 2408; x_wconf 87' lang='lat' dir='ltr'>nidis</span> <span class='ocrx_word' id='word_1_92' title='bbox 661 2330 953 2407; x_wconf 85' lang='lat' dir='ltr'>Commentarium</span> <span class='ocrx_word' id='word_1_93' title='bbox 970 2335 1006 2404; x_wconf 93' lang='lat' dir='ltr'>in</span> <span class='ocrx_word' id='word_1_94' title='bbox 1021 2331 1166 2418; x_wconf 86' lang='lat' dir='ltr'>lobum‚</span> <span class='ocrx_word' id='word_1_95' title='bbox 1190 2334 1251 2428; x_wconf 92' lang='lat' dir='ltr'>qui</span> <span class='ocrx_word' id='word_1_96' title='bbox 1275 2332 1371 2405; x_wconf 93' lang='lat' dir='ltr'>illum</span> <span class='ocrx_word' id='word_1_97' title='bbox 1395 2357 1492 2406; x_wconf 88' lang='lat' dir='ltr'>exce·</span> 
     </span>
     <span class='ocr_line' id='line_1_17' title="bbox 559 2451 1493 2555; baseline 0.001 -27"><span class='ocrx_word' id='word_1_98' title='bbox 559 2459 627 2555; x_wconf 89' lang='lat' dir='ltr'>pit.</span> <span class='ocrx_word' id='word_1_99' title='bbox 645 2457 780 2529; x_wconf 87' lang='lat' dir='ltr'>Deinde</span> <span class='ocrx_word' id='word_1_100' title='bbox 796 2480 901 2551; x_wconf 90' lang='lat' dir='ltr'>quum</span> <span class='ocrx_word' id='word_1_101' title='bbox 913 2455 1103 2528; x_wconf 86' lang='lat' dir='ltr'>Ferrariam</span> <span class='ocrx_word' id='word_1_102' title='bbox 1117 2457 1147 2526; x_wconf 85' lang='lat' dir='ltr'>is</span> <span class='ocrx_word' id='word_1_103' title='bbox 1160 2451 1370 2542; x_wconf 81' lang='lat' dir='ltr'>deseruisset,</span> <span class='ocrx_word' id='word_1_104' title='bbox 1381 2478 1419 2528; x_wconf 93' lang='lat' dir='ltr'>ut</span> <span class='ocrx_word' id='word_1_105' title='bbox 1431 2457 1493 2529; x_wconf 87' lang='lat' dir='ltr'>Bo·</span> 
     </span>
     <span class='ocr_line' id='line_1_18' title="bbox 560 2573 1493 2674; baseline -0.006 -20"><span class='ocrx_word' id='word_1_106' title='bbox 560 2581 699 2654; x_wconf 84' lang='lat' dir='ltr'>noniam</span> <span class='ocrx_word' id='word_1_107' title='bbox 707 2577 739 2652; x_wconf 88' lang='lat' dir='ltr'>se</span> <span class='ocrx_word' id='word_1_108' title='bbox 750 2577 941 2663; x_wconf 87' lang='lat' dir='ltr'>conferret,</span> <span class='ocrx_word' id='word_1_109' title='bbox 952 2576 1090 2652; x_wconf 84' lang='lat' dir='ltr'>cellavit</span> <span class='ocrx_word' id='word_1_110' title='bbox 1101 2573 1236 2674; x_wconf 91' lang='lat' dir='ltr'>prorsus</span> <span class='ocrx_word' id='word_1_111' title='bbox 1250 2577 1320 2652; x_wconf 88' lang='lat' dir='ltr'>illic</span> <span class='ocrx_word' id='word_1_112' title='bbox 1333 2576 1493 2650; x_wconf 88' lang='lat' dir='ltr'>hebraica</span> 
     </span>
     <span class='ocr_line' id='line_1_19' title="bbox 561 2695 1495 2800; baseline -0.009 -26"><span class='ocrx_word' id='word_1_113' title='bbox 561 2695 808 2800; x_wconf 79' lang='lat' dir='ltr'>typographia,</span> <span class='ocrx_word' id='word_1_114' title='bbox 833 2725 898 2774; x_wconf 90' lang='lat' dir='ltr'>nec</span> <span class='ocrx_word' id='word_1_115' title='bbox 919 2698 1030 2792; x_wconf 89' lang='lat' dir='ltr'>rursus</span> <span class='ocrx_word' id='word_1_116' title='bbox 1054 2702 1203 2772; x_wconf 83' lang='lat' dir='ltr'>excitata</span> <span class='ocrx_word' id='word_1_117' title='bbox 1226 2698 1377 2778; x_wconf 78' lang='lat' dir='ltr'>estante</span> <span class='ocrx_word' id='word_1_118' title='bbox 1402 2700 1495 2772; x_wconf 78' lang='lat' dir='ltr'>dimi-</span> 
     </span>
     <span class='ocr_line' id='line_1_20' title="bbox 562 2817 1496 2916; baseline -0.002 -24"><span class='ocrx_word' id='word_1_119' title='bbox 562 2822 657 2913; x_wconf 89' lang='lat' dir='ltr'>dium</span> <span class='ocrx_word' id='word_1_120' title='bbox 672 2817 778 2892; x_wconf 88' lang='lat' dir='ltr'>seculi</span> <span class='ocrx_word' id='word_1_121' title='bbox 791 2843 865 2893; x_wconf 79' lang='lat' dir='ltr'>xvr</span> <span class='ocrx_word' id='word_1_122' title='bbox 878 2872 888 2906; x_wconf 93' lang='lat'>‚</span> <span class='ocrx_word' id='word_1_123' title='bbox 901 2845 971 2916; x_wconf 96' lang='lat' dir='ltr'>quo</span> <span class='ocrx_word' id='word_1_124' title='bbox 986 2817 1150 2905; x_wconf 87' lang='lat' dir='ltr'>Samuelis</span> <span class='ocrx_word' id='word_1_125' title='bbox 1166 2819 1257 2890; x_wconf 89' lang='lat' dir='ltr'>Galli</span> <span class='ocrx_word' id='word_1_126' title='bbox 1273 2843 1376 2916; x_wconf 90' lang='lat' dir='ltr'>atque</span> <span class='ocrx_word' id='word_1_127' title='bbox 1390 2821 1496 2894; x_wconf 86' lang='lat' dir='ltr'>Abra·</span> 
     </span>
     <span class='ocr_line' id='line_1_21' title="bbox 562 2937 1495 3038; baseline 0 -24"><span class='ocrx_word' id='word_1_128' title='bbox 562 2941 656 3014; x_wconf 92' lang='lat' dir='ltr'>hami</span> <span class='ocrx_word' id='word_1_129' title='bbox 688 2937 802 3036; x_wconf 87' lang='lat' dir='ltr'>Usque</span> <span class='ocrx_word' id='word_1_130' title='bbox 834 2965 942 3038; x_wconf 85' lang='lat' dir='ltr'>opera</span> <span class='ocrx_word' id='word_1_131' title='bbox 971 2939 1197 3036; x_wconf 85' lang='lat' dir='ltr'>quamplures¹</span> <span class='ocrx_word' id='word_1_132' title='bbox 1230 2941 1308 3013; x_wconf 88' lang='lat' dir='ltr'>libri</span> <span class='ocrx_word' id='word_1_133' title='bbox 1343 2941 1495 3014; x_wconf 87' lang='lat' dir='ltr'>hebraici</span> 
     </span>
     <span class='ocr_line' id='line_1_22' title="bbox 562 3058 1578 3158; baseline 0.004 -25"><span class='ocrx_word' id='word_1_134' title='bbox 562 3060 739 3140; x_wconf 80' lang='lat' dir='ltr'>Ferrariae</span> <span class='ocrx_word' id='word_1_135' title='bbox 765 3061 851 3132; x_wconf 88' lang='lat' dir='ltr'>editi</span> <span class='ocrx_word' id='word_1_136' title='bbox 876 3058 1034 3133; x_wconf 85' lang='lat' dir='ltr'>suerunt.</span> <span class='ocrx_word' id='word_1_137' title='bbox 1049 3061 1099 3132; x_wconf 89' lang='lat' dir='ltr'>Ea</span> <span class='ocrx_word' id='word_1_138' title='bbox 1125 3065 1250 3135; x_wconf 91' lang='lat' dir='ltr'>iterum</span> <span class='ocrx_word' id='word_1_139' title='bbox 1274 3066 1496 3158; x_wconf 83' lang='lat' dir='ltr'>perduravit,</span> <span class='ocrx_word' id='word_1_140' title='bbox 1575 3064 1578 3071; x_wconf 83' lang='grc'><strong>’</strong></span> 
     </span>
     <span class='ocr_line' id='line_1_23' title="bbox 564 3181 1497 3283; baseline -0.003 -23"><span class='ocrx_word' id='word_1_141' title='bbox 564 3181 745 3260; x_wconf 83' lang='lat' dir='ltr'>s1.Wolfio</span> <span class='ocrx_word' id='word_1_142' title='bbox 762 3184 966 3268; x_wconf 77' lang='lat' dir='ltr'>eredimus,</span> <span class='ocrx_word' id='word_1_143' title='bbox 1002 3183 1175 3283; x_wconf 89' lang='lat' dir='ltr'>usquead</span> <span class='ocrx_word' id='word_1_144' title='bbox 1212 3209 1338 3258; x_wconf 90' lang='lat' dir='ltr'>annum</span> <span class='ocrx_word' id='word_1_145' title='bbox 1378 3209 1497 3280; x_wconf 82' lang='lat'><em>1591,</em></span> 
     </span>
     <span class='ocr_line' id='line_1_24' title="bbox 565 3303 1496 3406; baseline 0 -26"><span class='ocrx_word' id='word_1_146' title='bbox 565 3331 636 3406; x_wconf 91' lang='lat' dir='ltr'>quo</span> <span class='ocrx_word' id='word_1_147' title='bbox 667 3305 737 3382; x_wconf 92' lang='lat' dir='ltr'>illic</span> <span class='ocrx_word' id='word_1_148' title='bbox 772 3303 963 3406; x_wconf 82' lang='lat' dir='ltr'>impressum</span> <span class='ocrx_word' id='word_1_149' title='bbox 979 3305 1086 3402; x_wconf 22' lang='lat' dir='ltr'>*affert</span> <span class='ocrx_word' id='word_1_150' title='bbox 1120 3309 1293 3403; x_wconf 85' lang='lat' dir='ltr'>quoddam</span> <span class='ocrx_word' id='word_1_151' title='bbox 1329 3311 1496 3406; x_wconf 86' lang='lat' dir='ltr'>anonymi</span> 
     </span>
     <span class='ocr_line' id='line_1_25' title="bbox 566 3427 1497 3533; baseline -0.001 -30"><span class='ocrx_word' id='word_1_152' title='bbox 566 3455 654 3529; x_wconf 88' lang='lat' dir='ltr'>opus</span> <span class='ocrx_word' id='word_1_153' title='bbox 690 3427 852 3506; x_wconf 82' lang='lat' dir='ltr'>Mesaresc</span> <span class='ocrx_word' id='word_1_154' title='bbox 878 3429 1047 3533; x_wconf 50' lang='lat' dir='ltr'>chatalsns</span> <span class='ocrx_word' id='word_1_155' title='bbox 1078 3432 1145 3506; x_wconf 92' lang='lat' dir='ltr'>Sed</span> <span class='ocrx_word' id='word_1_156' title='bbox 1169 3434 1211 3504; x_wconf 90' lang='lat' dir='ltr'>de</span> <span class='ocrx_word' id='word_1_157' title='bbox 1247 3429 1311 3504; x_wconf 87' lang='lat' dir='ltr'>hac</span> <span class='ocrx_word' id='word_1_158' title='bbox 1347 3433 1497 3506; x_wconf 88' lang='lat' dir='ltr'>editione</span> 
     </span>
    </p>
   </div>
   <div class='ocr_carea' id='block_1_3' title="bbox 435 3542 1499 3654">
    <p class='ocr_par' dir='ltr' id='par_1_4' title="bbox 435 3542 1499 3654">
     <span class='ocr_line' id='line_1_26' title="bbox 435 3542 1499 3654; baseline -0.007 -26"><span class='ocrx_word' id='word_1_159' title='bbox 435 3622 438 3628; x_wconf 85' lang='lat'>.</span> <span class='ocrx_word' id='word_1_160' title='bbox 470 3631 498 3654; x_wconf 90' lang='grc' dir='ltr'> </span> <span class='ocrx_word' id='word_1_161' title='bbox 565 3551 635 3648; x_wconf 87' lang='lat' dir='ltr'>ipse</span> <span class='ocrx_word' id='word_1_162' title='bbox 660 3553 885 3628; x_wconf 88' lang='lat' dir='ltr'>vehementer</span> <span class='ocrx_word' id='word_1_163' title='bbox 901 3542 1053 3640; x_wconf 89' lang='lat' dir='ltr'>dubito,</span> <span class='ocrx_word' id='word_1_164' title='bbox 1097 3573 1199 3650; x_wconf 89' lang='lat' dir='ltr'>atque</span> <span class='ocrx_word' id='word_1_165' title='bbox 1233 3574 1271 3626; x_wconf 92' lang='lat' dir='ltr'>ut</span> <span class='ocrx_word' id='word_1_166' title='bbox 1302 3553 1423 3628; x_wconf 86' lang='lat' dir='ltr'>editio</span> <span class='ocrx_word' id='word_1_167' title='bbox 1433 3551 1499 3622; x_wconf 90' lang='lat' dir='ltr'>Or</span> 
     </span>
    </p>
   </div>
   <div class='ocr_carea' id='block_1_4' title="bbox 565 3675 1564 4004">
    <p class='ocr_par' dir='ltr' id='par_1_5' title="bbox 565 3675 1564 3994">
     <span class='ocr_line' id='line_1_27' title="bbox 566 3675 1497 3775; baseline -0.004 -27"><span class='ocrx_word' id='word_1_168' title='bbox 566 3676 704 3748; x_wconf 74' lang='lat' dir='ltr'>Adonai</span> <span class='ocrx_word' id='word_1_169' title='bbox 729 3675 772 3746; x_wconf 86' lang='lat' dir='ltr'>R</span> <span class='ocrx_word' id='word_1_170' title='bbox 797 3677 951 3752; x_wconf 88' lang='lat' dir='ltr'>Obadiae</span> <span class='ocrx_word' id='word_1_171' title='bbox 970 3677 1117 3775; x_wconf 91' lang='lat' dir='ltr'>Sphorni</span> <span class='ocrx_word' id='word_1_172' title='bbox 1142 3677 1224 3747; x_wconf 88' lang='lat' dir='ltr'>anni</span> <span class='ocrx_word' id='word_1_173' title='bbox 1253 3680 1365 3768; x_wconf 73' lang='lat'>1567,</span> <span class='ocrx_word' id='word_1_174' title='bbox 1395 3695 1497 3769; x_wconf 88' lang='lat' dir='ltr'>quam</span> 
     </span>
     <span class='ocr_line' id='line_1_28' title="bbox 565 3771 1564 3893; baseline -0.001 -27"><span class='ocrx_word' id='word_1_175' title='bbox 565 3792 773 3893; x_wconf 85' lang='lat' dir='ltr'>Lelongius‚</span> <span class='ocrx_word' id='word_1_176' title='bbox 806 3817 846 3868; x_wconf 88' lang='lat' dir='ltr'>ac</span> <span class='ocrx_word' id='word_1_177' title='bbox 872 3795 1018 3870; x_wconf 86' lang='lat' dir='ltr'>Wolfius</span> <span class='ocrx_word' id='word_1_178' title='bbox 1043 3811 1261 3882; x_wconf 87' lang='lat' dir='ltr'>memorant,</span> <span class='ocrx_word' id='word_1_179' title='bbox 1277 3771 1499 3893; x_wconf 75' lang='lat' dir='ltr'>supposititia</span> <span class='ocrx_word' id='word_1_180' title='bbox 1562 3817 1564 3822; x_wconf 73' lang='grc'>’</span> 
     </span>
     <span class='ocr_line' id='line_1_29' title="bbox 569 3911 1499 4004; baseline -0.012 -12"><span class='ocrx_word' id='word_1_181' title='bbox 569 3914 640 4004; x_wconf 87' lang='lat' dir='ltr'>est,</span> <span class='ocrx_word' id='word_1_182' title='bbox 674 3937 712 3989; x_wconf 91' lang='lat' dir='ltr'>ut</span> <span class='ocrx_word' id='word_1_183' title='bbox 749 3914 891 3992; x_wconf 84' lang='lat' dir='ltr'>inferius</span> <span class='ocrx_word' id='word_1_184' title='bbox 921 3919 1137 4004; x_wconf 85' lang='lat' dir='ltr'>videbimus,</span> <span class='ocrx_word' id='word_1_185' title='bbox 1176 3919 1280 3989; x_wconf 87' lang='lat' dir='ltr'>etiam</span> <span class='ocrx_word' id='word_1_186' title='bbox 1319 3911 1499 3985; x_wconf 89' lang='lat' dir='ltr'>secundam</span> 
     </span>
    </p>
   </div>
   <div class='ocr_carea' id='block_1_5' title="bbox 0 0 1740 5180">
    <p class='ocr_par' dir='ltr' id='par_1_6' title="bbox 0 0 1740 5180">
     <span class='ocr_line' id='line_1_30' title="bbox 0 0 1740 5180; baseline 0 0"><span class='ocrx_word' id='word_1_187' title='bbox 0 0 1740 5180; x_wconf 95' lang='lat' dir='ltr'> </span> 
     </span>
    </p>
   </div>
  </div>
 </body>
</html>
