3404 5208
554 729 701 826 primum
725 724 872 824 imprcsli
896 747 988 798 anno
1017 721 1132 814 tyto,
1171 721 1322 798 nostrum
1346 724 1414 798 hoc
1437 752 1481 825 pe

556 849 661 936 etiam
686 851 859 921 occurrit.
890 847 1035 918 Norzi'us
1060 847 1141 918 durn
1165 845 1265 918 notat
1298 848 1335 919 in
1370 847 1485 922 multis

554 968 731 1045 codicibus
754 967 840 1044 illud
864 967 1065 1053 defiderari‚
1096 963 1158 1042 sat¹
1183 969 1298 1042 innuit
1333 965 1366 1041 se
1399 969 1485 1042 illud

555 1091 593 1165 in
617 1091 792 1168 nonnullis
816 1089 990 1190 reperisse,
1016 1087 1233 1186 &expresse
1259 1092 1363 1162 etiam
1388 1092 1485 1163 addit

555 1211 588 1288 se
622 1211 840 1310 majusculum
875 1211 993 1288 vidisse
1031 1213 1068 1282 in
1113 1209 1300 1309 exemplari
1336 1213 1485 1307 quodam
1548 1211 1551 1217 ’

556 1333 690 1431 majusc.
725 1336 941 1419 litterarum,
964 1337 1005 1410 ὃ(
1040 1335 1077 1406 in
1113 1331 1183 1406 alio
1223 1335 1366 1428 antiquo
1404 1331 1485 1406 libri

556 1457 677 1557 Legis,
712 1454 770 1532 seu
795 1461 832 1529 in
857 1459 1002 1552 antiquo
1028 1453 1171 1526 Tiklcon
1208 1451 1362 1550 ejusdem·
1388 1453 1487 1528 libri.⁴

491 1657 494 1664 ,
557 1577 754 1656 Mirandum
778 1605 861 1681 ergo
899 1579 1034 1655 nulluni
1066 1571 1202 1672 hujusce
1227 1575 1409 1662 stelionis,
1444 1599 1485 1648 ac

556 1699 759 1796 majusculae
783 1701 918 1774 litterae
952 1697 1125 1797 vestigium
1150 1701 1187 1772 in
1211 1700 1356 1774 Kermic.
1388 1699 1488 1773 codi-

555 1821 679 1908 cibus,
702 1845 743 1896 ac
767 1820 888 1894 Bibliis
914 1821 1088 1914 reperiri.
1202 1829 1230 1836 ‘'
1461 1813 1481 1830 ”

880 1989 1071 2064 RUTH..
1140 1994 1145 2004 ’
1293 2065 1296 2070 .

627 2141 669 2226 1,
695 2143 715 2214 8
741 2138 849 2226 Kerl,
873 2137 932 2213 seu
961 2139 1064 2212 ledlio
1099 2141 1284 2240 marginis,
1308 2143 1347 2214 in
1385 2163 1487 2254 textu

554 2258 626 2363 ipso
650 2259 855 2348 exhibetur,
880 2263 975 2361 quod
1001 2261 1093 2335 idem
1131 2259 1171 2335 fit
1196 2262 1268 2350 lll,
1294 2287 1340 2358 3,
1364 2291 1414 2358 4,
1443 2288 1482 2362 ς,

560 2409 624 2474 12,
654 2407 807 2484 13,1=4,
836 2385 1077 2478 17,1V,4,
1106 2405 1146 2477 5,
1173 2387 1219 2457 6.

629 2511 697 2596 ΠΙ,
721 2532 764 2603 9.
788 2509 929 2610 Legitur
953 2531 1045 2608 gratu
1069 2504 1196 2604 plural.
1220 2515 1292 2580 alas
1311 2533 1412 2597 tuas,
1445 2530 1484 2585 ut
1587 2593 1588 2596 Ἴ
1693 2590 1695 2598 ,

557 2632 677 2734 legunt
700 2630 773 2704 bini
798 2635 932 2707 codices
959 2631 1220 2734 Regiomontani
1245 2655 1265 2702 a
1291 2631 1488 2704 Lilientha-

558 2754 606 2827 lio
629 2755 786 2850 produsli
810 2753 886 2851 (a),
909 2749 1113 2827 Erfurtensis
1137 2755 1275 2833 llante
1300 2757 1488 2829 corredlio-

558 2899 661 2960 nem,
684 2875 761 2959 111,
788 2876 829 2949 &
853 2876 902 2947 IV
926 2873 1001 2971 post
1036 2895 1125 2944 corr.
1143 2874 1249 2968 apud
1281 2873 1487 2962 Michaelis,

559 2995 829 3072 Helmstadiensts
856 3001 999 3096 primo,
1030 2997 1070 3068 ὃ(
1094 2995 1353 3098 Stutgardianus
1395 3001 1488 3094 apud
1515 3054 1521 3072 .

558 3122 803 3221 Schellingium
829 3118 908 3220 (b).
934 3120 1113 3194 Accedunt
1137 3142 1181 3190 ex
1206 3121 1289 3194 meis
1314 3120 1488 3194 codicibus
1634 3177 1638 3186 .

558 3245 770 3330 oslodecim,
795 3247 880 3340 qui,
905 3241 1047 3314 retentis
1071 3244 1243 3326 numeris,
1281 3266 1369 3340 quos
1393 3267 1505 3317 nunc.

504 3366 512 3377 ”
561 3369 599 3443 ἰη
622 3364 696 3441 mss.
720 3389 874 3442 meorum
889 3365 1006 3474 indice
1020 3363 1202 3453 obtinent,
1224 3361 1301 3440 sunt
1327 3388 1396 3454 ιο,
1426 3389 1489 3458 14,
1517 3397 1519 3402 ·

562 3490 632 3575 ¹⁶2·
656 3511 721 3584 31,
746 3511 812 3580 41,
840 3511 902 3583 592
928 3491 993 3582 ⁶32
1023 3489 1109 3579 182,
1139 3505 1235 3584 1932·
1263 3511 1353 3582 197,
1397 3487 1486 3580 198,

563 3636 657 3704 209,
685 3637 773 3709 230,
800 3616 898 3702 262,
934 3615 1031 3708 263,
1056 3617 1153 3708 265,
1180 3633 1271 3707 332,
1313 3633 1404 3706 343.
1441 3609 1489 3680 Hi

563 3729 698 3810 codices
730 3739 843 3809 varias
882 3739 971 3808 sacri
1003 3755 1118 3810 textus
1152 3733 1267 3833 partes
1308 3757 1348 3805 ac
1380 3729 1488 3807 libros

627 3963 663 4017 (ι)
679 3915 824 4006 coornent.
840 3954 895 4004 crit.
907 3954 938 4006 dt
948 3955 1046 4029 duobus
1064 3956 1139 4008 codd.
1156 3955 1212 4006 mss.
1229 3955 1338 4024 regium.
1350 3969 1409 4024 pag.
1427 3969 1488 4004 etc.

628 4047 668 4109 (o)
683 4041 885 4112 Descript'cou
901 4061 947 4096 tus.
962 4044 1082 4112 stutgatd.
1098 4059 1156 4111 pag.
1172 4060 1228 4110 tgr.
