3404 5208
1109 549 1203 675 '89

193 789 196 795 .
274 740 391 816 aymo
414 719 536 812 judaeo
560 735 681 814 graeco
706 733 750 784 ert
773 707 937 782 hebraicis
959 706 1112 780 fontibus
1137 707 1204 782 ela-

274 838 467 923 boratam,
503 861 591 935 quae
630 838 760 909 vertit:
800 837 983 914 Xloata‘ro
1006 837 1082 926 iti
1102 845 1203 924 χλιιι
1288 937 1290 941 .
1401 857 1404 864 '

275 960 413 1044 βοιαίιιι
435 956 599 1059 σπείραισιν
618 952 739 1054 eulpae
771 949 895 1053 καρποῦ
915 951 1022 1024 ποιοῦν
1043 952 1204 1051 καρπόυι.

252 1138 255 1144 .
282 1069 387 1165 Quod
410 1071 500 1164 idem
528 1059 652 1166 repetit
676 1065 760 1143 vers.
789 1089 851 1150 ιι,
883 1065 942 1139 nili
976 1070 1071 1164 quod
1100 1089 1206 1139 voca·-

281 1191 402 1264 bulum
426 1198 521 1282 ξύλοι
545 1188 632 1264 vers.
663 1213 700 1264 ιι
731 1188 879 1262 omilium
912 1192 1004 1263 redte
1028 1187 1207 1287 suppleat.

282 1311 370 1384 Cum
394 1309 581 1384 ferrarienfi
605 1313 707 1386 etiam
741 1313 898 1410 congruit
922 1313 959 1383 in
999 1313 1206 1405 interpreta-

283 1435 378 1506 tione
414 1434 570 1506 didlionis
606 1457 685 1525 ιιι-ι,
728 1456 867 1507 vertens
902 1440 971 1512 Kal
988 1439 1109 1524 πνεῦμα
1128 1435 1213 1508 Θεοῦ

282 1555 390 1644 iatttlo
412 1559 505 1630 adra
521 1561 687 1662 apodritos
707 1561 764 1636 rod
783 1555 916 1634 blame·
942 1554 1032 1625 Hinc
1050 1547 1208 1634 constan·

281 1675 543 1774 tinopolitanam
568 1682 683 1776 potius
703 1677 899 1753 Verfionem
916 1679 1090 1771 antiquam
1115 1670 1207 1742 illam

278 1796 515 1896 vHispaniarum
564 1800 691 1876 referre
740 1803 973 1884 crediderim,
1013 1791 1207 1893 praesertim

282 1943 388 2016 quum
404 1917 664 1996 obsoletioribus
679 1925 737 1997 illa
752 1921 929 1998 vocabulis
947 1938 1083 1992 utatur.
1109 1917 1207 2008 Quae
1241 1962 1243 1965 -

284 2043 370 2112 enim
396 2043 434 2112 in
459 2042 573 2115 nostra·
596 2041 749 2118 obsoleta
772 2037 981 2126 occurrunt,
1006 2041 1132 2138 partim
1155 2039 1209 2132 ju-

285 2165 446 2235 daeorum
471 2162 618 2260 ipsorum
641 2131 832 2263 barbariei,
864 2167 990 2261 partim
1014 2161 1209 2256 interpretis

285 2283 424 2356 confilio
449 2286 632 2360 tribuenda
657 2285 751 2371 sunt,
775 2287 833 2380 qui
860 2287 897 2354 in
920 2279 1135 2379 praefatione
1160 2299 1210 2350 te·
1236 2274 1238 2284 ⁴

284 2391 386 2475 statur
421 2404 550 2476 vetusta
574 2402 606 2478 se
630 2392 781 2478 suorum¹
799 2401 936 2501 phrafi,
968 2405 1011 2477 &
1047 2403 1208 2474 idiomate

284 2522 377 2598 usum
403 2521 486 2610 elle,
513 2545 550 2598 ut
575 2529 687 2624 aptius
717 2549 888 2600 sacrarum
921 2523 1105 2597 ditlionum
1140 2522 1208 2594 vim

285 2650 327 2722 &
359 2651 603 2746 proprietatem
638 2653 857 2747 exprimeret.
891 2643 1066 2720 Nonnulla
1105 2626 1209 2717 etiam

224 2803 227 2809 ·
284 2791 456 2843 mutuatus
481 2773 509 2844 is
548 2773 686 2845 videtur
724 2796 768 2844 ex
794 2774 943 2866 antiquis
984 2793 1023 2840 ac
1063 2768 1210 2864 receptis
1312 2763 1315 2768 ’

169 2931 171 2936 ,
284 2876 450 2986 majorum
474 2892 825 2990 interpretationibus.
850 2896 942 2965 Hinc
965 2915 1144 2990 perperam
1165 2912 1209 2960 ex

287 3010 351 3085 stili
376 3017 580 3110 antiquitate
605 3019 705 3113 inter¹
719 3039 826 3112 opera
849 3038 1127 3112 anonymorum,
1152 3011 1211 3106 qui

281 3119 366 3207 ante
396 3151 488 3231 1500
508 3140 652 3226 ‘vireret
684 3136 898 3213 referendam
931 3134 994 3209 elle
1027 3134 1212 3226 arbitratus
1257 3127 1260 3132 ’

290 3255 338 3328 est
361 3258 520 3333 Nicolaus
546 3262 717 3336 Antonius
741 3256 904 3332 Biblioth.
927 3253 1010 3354 hisp.
1023 3275 1105 3340 ¹tret-
1129 3278 1212 3352 pat·
1270 3246 1272 3249 ’

286 3397 321 3450 te
347 3401 398 3461 11,
422 3403 498 3480 pag.
526 3387 614 3456 2⁶0.
740 3390 742 3395 ’
1071 3451 1074 3464 ,
1119 3403 1120 3408 ’

355 3499 435 3572 Non
460 3504 508 3574 ita
531 3522 645 3576 tamen
670 3502 754 3575 haec
779 3502 883 3585 dico,
922 3521 981 3574 aut
1014 3519 1134 3586 tueor,
1169 3520 1208 3572 ut
1279 3554 1281 3559 -
1325 3523 1326 3527 ¹

175 3673 178 3680 ·
287 3623 421 3696 credam
446 3621 676 3698 ferrariensem
701 3627 919 3719 interpretem
943 3622 989 3695 ob
1013 3621 1130 3696 oculos
1153 3620 1212 3696 sal·

289 3764 361 3816 tem
386 3768 457 3816 non
482 3742 650 3832 habuisse,
676 3767 735 3820 aut
760 3744 909 3820 secutum
933 3770 1004 3819 non
1029 3743 1124 3819 suilie
1149 3771 1213 3818 an-

288 3870 416 3962 tiquam
452 3868 600 3965 aliquam
636 3867 841 3966 hispanicam
883 3869 1095 3955 vernonem,
1124 3893 1213 3965 quae

287 3989 471 4092 longousu
506 3995 595 4091 apud
620 3990 695 4068 suos
726 3993 924 4081 terebatur,
960 4014 1131 4090 quamque
1167 4013 1212 4062 ex
