3428 5180
1125 561 1184 620 XV

247 743 434 826 vertere,
480 743 630 845 atque,
653 745 720 832 ¹ut
765 717 1067 814 ferrariensium
1108 755 1183 814 vo·

246 876 326 982 tis,
360 866 600 964 Baruffaldi
629 875 844 1000 inprimis,
880 871 1181 980 satisfacerem,

247 1019 746 1132 hebraeo-,ferrariensem¹
773 1030 1100 1158 typographiam
1132 1028 1184 1120 il·-

131 1311 134 1320 y
247 1175 447 1288 lustrare,
498 1213 584 1306 qua
626 1181 822 1276 Annales
864 1187 946 1310 ipsi
996 1183 1185 1282 hebraici

248 1329 342 1424 XV
370 1333 523 1444 seculi,
554 1369 587 1424 a·
619 1367 685 1428 me
727 1333 832 1428 editi
874 1335 1019 1462 quoad
1061 1335 1183 1425 binas

248 1493 414 1614 priores
439 1488 645 1592 editiones
685 1488 962 1616 supplentur.
1006 1486 1072 1591 Ut
1103 1504 1185 1589 'vee

118 1667 157 1736 ’,
247 1677 310 1737 ro·
336 1669 431 1738 cum
473 1639 696 1768 hebraicis
733 1641 903 1770 hispani
954 1634 1185 1748 nonnulli,

212 1907 215 1916 p
249 1836 298 1910 ae
329 1795 616 1924 lusitanilibri
646 1799 861 1926 ipsissimis
882 1795 1184 1899 ferrariensium

104 2021 106 2028 .
245 1952 491 2080 judaeorum
522 1955 639 2083 typis
661 1945 870 2082 'exscripti
901 1977 1022 2065 sunt,
1052 1955 1184 2056 itaet

248 2112 304 2234 de
331 2115 399 2211 iis.
446 2105 669 2218 dicendum
719 2109 883 2218 censui,
924 2112 1185 2236 potissimum

249 2298 386 2361 autem
400 2269 454 2360 de
480 2268 634 2359 Bibliis
656 2265 884 2394 hispanicis
913 2302 1027 2358 anno
1062 2287 1177 2384 1553

248 2418 460 2514 Ferrariae
477 2417 638 2528 editis,
672 2419 825 2544 quibus
857 2446 974 2510 tanta
1000 2445 1097 2544 post
1118 2443 1183 2510 tot

248 2572 664 2700 bibliographorum‚
700 2605 994 2698 sacrorumque
1026 2567 1186 2662 critieo·

215 2790 217 2793 ·
251 2765 343 2828 rum
364 2728 501 2823 studia
521 2708 689 2848 accessit
708 2726 949 2822 celebritas.
970 2727 1122 2857 Itaque
1141 2733 1187 2822 in
1307 2775 1308 2778 Ν

9 3007 11 3014 Α
159 2996 161 3002 Α
248 2914 415 3017 septem.
440 2888 578 3016 capita
612 2911 754 2994 toturn
784 2879 1031 3011 opusculum
1050 2879 1185 3010 dispe·
1248 3016 1251 3022 ,

249 3079 387 3154 scam,
430 3047 688 3169 inquorum
732 3037 756 3130 I
789 3073 908 3166 agam
939 3021 1012 3128 De
1054 3061 1185 3163 typo-

92 3179 99 3192 ·
161 3175 163 3178 Ι
250 3197 450 3321 graphiae
469 3182 934 3289 hebraeo-ferrariensis
951 3191 1115 3316 origine
1136 3223 1184 3280 ae

55 3428 60 3435 -
166 3359 168 3362 ’
251 3381 496 3473 progressu,
524 3354 569 3469 in
588 3347 636 3444 II
656 3347 728 3440 De
749 3344 968 3437 annalibus
987 3368 1187 3470 typogsa.

40 3507 42 3516 ’
123 3511 124 3514 ‘
219 3605 223 3611 Ι
252 3498 389 3625 phicis
413 3500 939 3594 hebraeo-ferrariensibus
961 3533 1040 3592 sec.
1068 3499 1183 3609 XV,

249 3657 296 3746 in
326 3652 400 3746 III
429 3653 501 3746 De
530 3654 687 3748 iisdem
718 3653 938 3750 annalibus
967 3691 1046 3750 sec.
1067 3647 1214 3784 XVI·x

250 3845 299 3904 ac
340 3808 508 3922 XVII,
557 3816 601 3904 in
645 3811 715 3906 IV
777 3812 850 3907 De
897 3812 1185 3910 Pentateucho

252 3964 690 4082 hebraeo-ferrariensi
721 3972 820 4060 anni
845 3989 846 3993 ‘
870 3990 983 4088 1555
1033 3967 1188 4058 biblio-
