3428 5180
525 593 575 670 14

674 727 676 732 ¹
716 691 735 700 ⁸
816 696 1146 774 MCCCCLXXVII.

517 827 565 900 tt.
590 825 667 894 leri
691 822 882 918 Gersom'dr's
907 823 1157 896 Commentarius
1172 821 1208 889 in
1223 820 1340 893 Iobum
1355 820 1445 906 in·4'.

511 965 514 972 ’
564 945 682 1016 minori
693 944 808 1037 absque
818 949 887 1016 loco
897 973 955 1039 ptr
971 947 1103 1016 eundem
1114 943 1237 1015 Abrae.
1247 945 1305 1013 ben
1321 942 1445 1014 chaum

563 1091 653 1138 anno
677 1068 809 1137 minoris
830 1069 1022 1156 judaeorum
1038 1067 1283 1160 supputationis
1307 1089 1403 1161 237.

593 1185 709 1260 Fustus
733 1211 796 1261 nos
821 1190 864 1260 de
888 1187 953 1260 hac
976 1189 1135 1262 editione
1153 1189 1279 1290 egimus
1302 1191 1340 1260 in
1363 1182 1446 1259 Dis-

418 1299 420 1306 ’
515 1307 696 1408 quistione
733 1305 847 1384 nostra
881 1314 926 1384 de
970 1312 1151 1386 hebraicae
1195 1311 1443 1412 typographiae

511 1436 665 1533 origine,
690 1436 727 1506 in
754 1459 850 1532 qua,
887 1461 992 1532 quum
1017 1435 1141 1508 librum
1165 1437 1370 1532 antiquioris'
1392 1457 1445 1506 ae·

335 1634 339 1641 ,
481 1645 482 1650 ¹
513 1580 572 1630 rae
599 1561 856 1658 ignoraremus,
892 1562 1020 1656 primos
1056 1557 1237 1631 hebraicae
1276 1578 1445 1656 typogra-
1527 1571 1530 1576 “

512 1679 613 1779 phiae
639 1680 788 1756 honores
813 1682 863 1754 illi
888 1678 1047 1756 adversus
1063 1679 1334 1766 Bartoloccium,
1358 1679 1445 1752 Mat·

515 1805 673 1887 tairium,
699 1800 889 1884 Wolfium,
916 1797 1113 1890 Maffejum,
1138 1799 1306 1885 Saxium,
1339 1799 1444 1874 alios·
1568 1843 1569 1848 κ

512 1947 581 2019 que
603 1923 872 1994 vindicavimus.
896 1918 1071 1992 Probabili
1096 1921 1199 1992 etiam
1225 1925 1443 2016 conjediurae

514 2045 652 2116 innixus
676 2038 803 2114 Pisauri
829 2031 1053 2114 eam-faciam
1076 2037 1168 2112 fuisse
1194 2041 1333 2114 ibidem.
1354 2065 1444 2115 eon·-

512 2163 630 2250 stitui,
667 2164 721 2236 cui
745 2164 915 2262 prohinde
938 2167 1084 2262 primam
1107 2155 1346 2238 hebraicorum
1379 2185 1443 2264 ty-

511 2310 634 2386 porum
657 2287 823 2388 originem
847 2287 1066 2360 tribuendam
1091 2285 1156 2360 esse
1174 2289 1336 2384 opinatus
1351 2282 1442 2372 sum,
1536 2337 1538 2344 .
1615 2279 1619 2287 '

510 2433 613 2507 quam
637 2433 820 2507 perperam
845 2411 999 2482 Soncino
1024 2408 1279 2494 Bartoloccius,
1305 2409 1444 2482 Mattai·

509 2537 605 2618 rius,
620 2515 670 2604 ac
695 2531 835 2618 Sarius,
861 2528 1049 2604 Plebisacio
1075 2527 1221 2605 Wolfius
1237 2583 1248 2618 ,
1265 2517 1442 2605 Bononiae

509 2652 711 2752 Maphaejus
735 2654 955 2727 tribuerant.
980 2651 1072 2739 Etfi,
1096 2653 1315 2750 inquiebam,
1339 2652 1443 2728 disero'

508 2797 544 2848 te
568 2775 665 2847 locus
688 2799 761 2848 non
785 2780 972 2862 innuatur,
1007 2775 1198 2850 verofimile
1231 2800 1348 2852 tamen
1371 2776 1442 2864 est,

507 2891 731 2992 pisaurensem
756 2896 1019 2996 typographum
1053 2893 1181 2970 Pisauri
1216 2893 1343 2974 librum
1378 2925 1443 2974 ex·

509 3013 656 3102 cudisse,
680 3018 741 3114 qui
764 3015 787 3090 st
811 3017 924 3091 locum
941 3020 1141 3114 &patriam
1166 3021 1341 3092 interdum
1365 3043 1443 3096 mu-
1467 2998 1471 3005 ¹

506 3141 617 3228 tavit,
634 3161 675 3212 ac
690 3141 929 3238 quinquennio
946 3140 1020 3240 post
1045 3143 1225 3216 bononiae
1250 3145 1441 3216 Pentateu-
1495 3183 1497 3188 ·

507 3261 632 3351 chum,
667 3274 761 3337 anno
785 3285 872 3337 vero
898 3267 992 3354 ¹1488
1018 3266 1162 3339 Soncini
1185 3266 1355 3366 integrum
1374 3265 1471 3346 uia„

507 3388 656 3462 bliorum
690 3411 815 3486 corpus
840 3391 966 3477 edidit,
991 3411 1063 3462 non
1090 3391 1125 3463 id
1148 3387 1315 3488 perfecit,
1346 3389 1443 3487 quod

505 3513 683 3586 Bononiae
708 3520 767 3586 aut'
792 3512 935 3586 Soncini
959 3507 1123 3618 degeret,
1149 3505 1205 3590 sed
1231 3511 1325 3614 quod
1349 3540 1370 3590 e
1393 3516 1447 3612 pi·
1554 3551 1556 3554 ·

503 3633 649 3709 sarrensi
672 3623 759 3710 urbe
784 3638 975 3711 Bononiam
1010 3637 1115 3711 fuerit
1141 3637 1344 3713 accersitus.
1368 3636 1441 3709 Un·
1480 3617 1481 3622 ¹
1539 3623 1540 3626 ¹

505 3755 550 3827 de
575 3776 690 3828 autem
713 3757 915 3844 accersitus,
949 3758 1010 3832 nifi
1034 3784 1080 3834 ex
1105 3755 1266 3841 Pisauro,
1288 3760 1348 3832 ubi
1371 3781 1440 3856 put·

392 3888 393 3892 ’
504 3875 586 3949 blici
620 3873 680 3949 ille
716 3875 854 3951 fullonis
899 3903 1042 3954 munere
1086 3879 1329 3980 fungebatur?
1370 3879 1439 3951 Sed

233 4015 235 4020 ·
362 4077 364 4080 ,
505 3998 607 4075 aliter
646 4023 740 4074 nunc
779 3998 853 4096 post
895 4002 1066 4076 detedam
1115 4001 1253 4107 (quod
1292 4004 1437 4098 primum
