3428 5180
555 557 606 616 20

549 688 609 763 gus
634 659 862 736 bibliothecae
887 667 1021 766 regiae,
1044 668 1080 738 in
1105 688 1175 762 quo
1191 665 1392 743 observatur
1415 667 1475 744 sub

548 789 717 858 ementito
741 786 914 858 vocabulo
941 787 1187 885 Monopoleos‚
1226 791 1320 886 quod
1354 815 1475 892 graece

549 931 653 980 unam
679 910 856 982 civitatem
893 911 1056 994 denotat,
1095 910 1260 983 Venetias
1294 909 1479 989 abscondi.

550 1030 597 1102 At
630 1054 714 1102 vero
740 1029 764 1102 st
787 1031 943 1105 mendose
976 1057 1015 1104 ac
1039 1031 1158 1106 frustra
1192 1033 1487 1133 Constantinopo-¹

548 1155 597 1242 li,
621 1155 975 1254 Soncini,Neapoli‚
1000 1154 1197 1252 Monopoli,
1227 1158 1388 1230 ¹Venetiis
1413 1160 1479 1230 edi·

550 1283 655 1354 tionis
707 1279 840 1352 nostrae
893 1280 1006 1352 locum
1048 1275 1278 1374 exquisierunt
1325 1281 1480 1356 nudiores

548 1403 721 1502 hucusque
746 1404 1023 1492 commemorati,
1048 1399 1223 1475 rettiffime
1249 1427 1327 1476 eum
1350 1405 1478 1480 serra-

497 1543 500 1550 ’
552 1531 638 1601 tiam
678 1525 773 1603 suisse
817 1528 1016 1625 jampridem
1054 1528 1201 1621 conjecit
1241 1525 1483 1602 Plantavitius.

551 1650 689 1725 Etenim
703 1674 865 1738 ornatus,
890 1676 928 1721 ac
947 1651 1022 1744 typi
1039 1646 1273 1742 persesliffime
1288 1673 1481 1751 congruunt

552 1797 630 1846 cum
653 1793 776 1845 ornatu
801 1796 840 1842 ac
865 1773 956 1866 typis
982 1765 1148 1838 Samuelis
1173 1765 1288 1852 Galli;
1323 1774 1371 1841 ita
1397 1763 1485 1845 vero*

553 1890 728 1966 manifeste
753 1895 790 1961 in
815 1886 1027 1983 praefatione
1060 1889 1216 1982 proditur
1243 1888 1409 1961 Samuelis
1432 1913 1486 1988 ty-

559 2012 725 2117 pographi
749 2035 901 2096 nomen,
934 2030 972 2082 ut
997 2007 1096 2079 aliter
1128 2006 1228 2080 statui
1261 2032 1334 2080 non
1364 2009 1484 2107 polilt.

554 2134 595 2206 ld
619 2135 723 2205 etiam
747 2133 878 2206 eruitur
901 2151 975 2202 tum
1007 2153 1051 2201 ex
1076 2134 1248 2204 communi
1283 2133 1484 2226 judaeorum

554 2260 738 2356 opinione,
761 2277 834 2330 tum
859 2279 904 2328 ex
928 2251 1031 2326 titulo
1056 2252 1197 2348 antiqua
1236 2255 1348 2348 judaei
1380 2277 1484 2327 manu

447 2442 449 2446 ,
557 2405 634 2453 meo
658 2375 844 2476 exemplari
867 2374 1038 2476 praefixo,
1062 2377 1099 2446 in
1124 2398 1193 2470 quo
1217 2372 1340 2448 diserte
1355 2375 1485 2474 legitur

562 2515 702 2568 strettun
723 2513 804 2566 ont)
831 2499 995 2598 Impreffits
1020 2496 1202 2568 Ferrariae.
1226 2497 1341 2570 Editio
1366 2496 1487 2570 chara-

559 2623 650 2694 elere
675 2621 853 2692 rabbinico
878 2643 1017 2694 exarata
1053 2617 1121 2704 est,
1161 2618 1360 2715 constatque
1397 2617 1488 2692 soliis

561 2763 658 2833 142.
681 2741 722 2808 ln
746 2740 826 2812 libri
850 2738 962 2812 stonte
987 2738 1176 2838 defiguntur
1201 2739 1319 2814 mensis
1343 2743 1383 2814 ὅ(
1420 2765 1508 2813 ans*

565 2885 629 2933 nus
653 2859 833 2944 editionis,
858 2861 1050 2956 diciturque
1076 2858 1236 2952 impreffirs
1260 2863 1310 2930 die
1323 2879 1389 2928 XV
1401 2889 1488 2932 men·

551 2985 603 3086 fis
627 2987 741 3054 Sorbet
776 3009 864 3052 anno
899 3009 956 3078 3rr
994 2979 1072 3078 (a),
1108 2977 1227 3050 Christi
1269 2999 1383 3074 1551,
1417 2973 1489 3053 non

567 3131 676 3200 1550,
699 3125 737 3178 ut
761 3099 917 3177 mendose
941 3099 1070 3176 habent
1095 3100 1318 3176 Plantavitius
1345 3111 1384 3174 ae'
1402 3103 1497 3175 Bux·'

565 3229 710 3317 torsus,
736 3231 796 3325 qui
819 3248 1000 3325 praeterea
1023 3229 1059 3300 in
1084 3248 1127 3296 eo
1151 3246 1262 3310 errat,
1287 3229 1380 3323 quod
1404 3252 1492 3299 cou-

565 3352 725 3452 scriptum
748 3372 883 3426 tantum
908 3375 952 3424 eo
977 3374 1090 3433 anno,
1123 3373 1196 3422 non
1221 3370 1334 3423 autem
1360 3331 1492 3449 impres·

454 3560 456 3564 ¹
566 3471 635 3547 sum
660 3472 778 3575 asserat
800 3471 876 3571 (b).
899 3473 955 3548 Ab
980 3477 1110 3548 editore
1135 3477 1366 3570 praemittitur
1391 3499 1492 3546 accu-
1559 3523 1562 3552 ;

517 3663 521 3670 .
567 3612 642 3666 rata
665 3592 888 3669 dbarbanelis
910 3595 1129 3697 biographia‚
1143 3599 1180 3670 in
1204 3619 1273 3692 qua
1297 3599 1368 3692 ejus
1392 3598 1493 3670 itine-

676 3880 771 3940 ’Ἱππ
793 3861 832 3933 sl
851 3870 921 3934 ur'rt
942 3887 1009 3939 rue
1029 3886 1094 3939 utu
1114 3863 1202 3953 utu&
1222 3871 1265 3938 r'u
1286 3880 1367 3935 nott
1384 3871 1419 3928 (ι)

632 3973 671 4036 (b)
687 3970 809 4025 Bibliotlt.
823 3973 892 4026 tabl».
905 3991 964 4043 pag.
982 3993 1028 4043 3⁰5
1054 3991 1067 4028 ι
1085 3977 1217 4028 editionis.
