3404 5208
524 568 601 626 100

520 677 658 760 durius,
682 674 909 747 dedicationis
933 672 1081 771 Epistola
1119 660 1266 750 'retenta'
1295 679 1366 767 esi,
1407 674 1448 756 bc

480 865 482 868 .
519 796 616 872 nulla
640 799 741 870 etiam
766 800 803 870 in
826 793 940 869 verbis
982 798 1126 868 mutatio
1161 795 1252 870 sasia
1290 801 1448 888 videtur,

521 919 544 994 si
567 923 638 1016 ejus
661 919 836 1019 epigraphi
860 921 1051 1004 credimus,
1084 921 1214 1015 inqua
1239 922 1363 996 dicitur
1390 929 1448 995 Rc·
1492 991 1496 1000 ‚
1570 947 1578 966 ¹

439 1087 441 1092 ·
511 1045 667 1136 fhrmada
690 1049 724 1114 la
747 1039 922 1136 imprefflon
948 1045 1019 1112 desa
1054 1042 1165 1112 Biblia
1198 1043 1376 1140 Ilercaresca
1389 1045 1448 1144 fia

521 1170 637 1264 madar
657 1169 736 1234 setta
759 1167 797 1234 de
812 1165 858 1256 su
884 1163 1036 1256 Origines
1044 1213 1055 1234 .
1091 1163 1132 1235 ln
1166 1164 1317 1240 editione
1359 1177 1448 1265 ¹630

518 1274 626 1362 multa
648 1289 771 1390 corrigi
795 1305 1012 1382 coeperunt,
1039 1308 1078 1356 ac
1103 1283 1209 1387 longe
1235 1287 1333 1386 plura
1373 1313 1448 1362 mu.

519 1435 614 1514 tata,
637 1413 678 1486 &
694 1411 875 1483 emendata
891 1404 967 1480 sunt
983 1408 1020 1478 in
1037 1410 1186 1482 editione
1208 1417 1319 1502 1661,
1346 1439 1448 1511 quam

520 1539 563 1610 R.
587 1532 723 1609 Samuel
746 1532 789 1606 de
816 1529 968 1605 Casseres
1005 1529 1048 1600 ad
1085 1529 1284 1604 hebraicum
1321 1556 1450 1628 tentum

522 1661 747 1758 recognovit,
763 1675 803 1728 ut
828 1656 864 1727 in
889 1650 988 1750 ipsius
1013 1652 1231 1750 praefatione
1256 1655 1323 1732 sule
1350 1684 1451 1742 enar-
1481 1685 1483 1688 ·

522 1803 638 1853 ratur.
662 1780 703 1850 ln
728 1775 903 1850 nonnullis
926 1795 1044 1848 tamen
1075 1774 1159 1855 locis
1184 1804 1205 1850 a
1230 1805 1282 1853 me
1318 1779 1450 1854 collatis

521 1904 658 1998 reperio
680 1900 774 1974 hunc
800 1901 965 2005 editorem
991 1925 1063 1974 non
1089 1901 1283 1988 correxisse,
1308 1903 1362 1976 sed
1380 1904 1449 1977 soe·

521 2023 610 2098 dasse
632 2014 746 2122 potius
771 2001 1000 2096 serrasiensem
1025 2043 1250 2109 contextum,
1275 2024 1448 2122 minusque

523 2168 716 2220 accuratam
757 2149 795 2218 in
835 2170 914 2220 eum
950 2141 1130 2219 leslionem
1168 2145 1356 2220 invexisse.
1394 2149 1449 2220 lta

520 2270 616 2346 Gen.
649 2261 708 2340 lll
740 2291 755 2364 ς
796 2270 831 2338 ἵ
850 2270 975 2364 sandes
1008 2295 1097 2338 como
1133 2275 1287 2364 angeles,
1327 2268 1448 2368 legunt

523 2394 688 2468 editiones
716 2414 831 2492 1553,
859 2398 979 2477 1611,
1013 2397 1131 2486 1630,
1156 2391 1197 2465 &
1221 2395 1372 2490 quinque
1396 2389 1451 2465 su·

521 2520 633 2615 petius
657 2536 939 2590 commemoratae
964 2509 1065 2586 solius
1095 2513 1343 2590 pentateuchi.
1368 2515 1458 2588 Edi-²

523 2641 573 2712 tio
607 2641 688 2711 anni
724 2641 811 2712 1661
851 2636 937 2710 male
969 2633 1024 2706 hic
1049 2632 1133 2730 legit
1158 2663 1246 2706 como
1272 2663 1338 2708 uno
1362 2643 1449 2722 delos

522 2767 670 2857 angeles.
706 2758 830 2833 Rursus
849 2740 1002 2843 cimelii,
1028 2755 1152 2854 quibus
1190 2755 1317 2833 adscita
1341 2759 1447 2834 verba

487 2899 489 2906 ’
522 2881 749 2964 clauduntur,
765 2884 803 2954 in
815 2883 984 2978 prioribus
997 2879 1205 2954 editionibus
1219 2885 1343 2955 retenti
1353 2881 1447 2972 sunt,

521 3005 557 3076 in
582 3000 749 3100 postrema
772 3004 837 3080 hac
868 3006 954 3076 1661
995 3027 1066 3075 una
1098 3027 1175 3076 cum
1211 3003 1450 3078 declarationi·

519 3125 584 3200 bus
608 3123 681 3224 ipfis
697 3122 831 3226 prorsus
855 3123 977 3200 omisis.
1002 3127 1136 3201 Priores
1153 3129 1318 3200 editiones
1340 3131 1400 3202 161
1413 3155 1449 3212 t,

519 3253 561 3326 &
590 3255 706 3346 1630,
730 3250 877 3323 eundem
902 3233 1036 3321 titulum
1062 3273 1138 3322 cum
1163 3247 1349 3324 ferrariensi
1387 3273 1449 3322 ex·

460 3427 461 3430 ,
519 3374 659 3460 hibent,
689 3373 753 3448 acsr
776 3374 949 3446 Ferrariae
972 3367 1085 3468 reapse
1120 3371 1293 3470 impressae
1328 3367 1485 3460 1111111,-ι

519 3500 612 3593 quod
636 3498 821 3572 nonnullos
845 3492 1101 3594 bibliographos
1117 3497 1272 3594 decepit.
1298 3497 1366 3570 Sed
1390 3511 1465 3597 or}¹

518 3642 619 3692 natus
644 3623 684 3694 &
709 3621 885 3716 charasier
909 3615 1095 3714 discrepat;
1128 3614 1188 3692 sub
1227 3614 1331 3690 linem
1362 3621 1448 3694 vero

443 3732 446 3741 ¹
519 3737 649 3815 diversa
672 3765 752 3816 aera
785 3768 825 3816 ac
848 3743 943 3830 locus
967 3740 1128 3832 editionis
1153 3735 1369 3834 defignatur-.

591 3863 761 3961 Superest·
775 3888 894 3954 nunc,
918 3885 956 3938 ut
981 3862 1133 3936 breviter
1158 3863 1272 3934 etiam
1286 3860 1447 3933 editionis
1536 3934 1537 3940 ,

517 3988 651 4068 nostrae
676 3987 852 4081 raritatem
876 3988 1109 4084 attingamus.
1142 3977 1369 4056 Ferrarieusra
1391 3971 1451 4052 Bi-

1677 1451 1680 1490 1

1560 1500 1561 1505 ’
1677 1493 1680 1542 l
