3404 5208
1107 643 1185 726 ¹07

260 767 431 866 Sphorni,
469 766 529 862 qui
551 787 672 840 revera
712 759 778 833 hoc
815 761 937 832 eodem
972 782 1065 832 anno
1094 765 1185 852 1567

262 891 419 962 Venetiis
432 888 579 986 prodiit,
603 909 680 958 cum
696 882 764 958 alio
778 879 867 954 illius
882 879 971 955 tituli
985 880 1026 953 li.
1042 877 1184 953 Chusdai

262 1007 428 1084 Kresclcas
451 1009 624 1082 Ferrariae
649 1007 764 1093 edito,
799 1029 900 1102 quem
939 1029 1003 1079 nos
1034 1002 1186 1103 superius

262 1134 456 1218 attulimus,
479 1153 518 1205 ut
542 1132 782 1204 animadvertit
816 1133 918 1202 etiam
952 1127 1101 1202 Wolfius
1135 1129 1188 1200 Bi·

262 1255 385 1338 blioth,
418 1254 500 1330 heb.
523 1257 569 1328 T.
591 1255 609 1327 1
633 1277 709 1354 pag.
735 1277 825 1350 939,
849 1254 890 1326 &
914 1250 1066 1346 111pag.
1092 1252 1188 1342 867,

262 1383 322 1478 qui
347 1383 388 1456 ὅ(
412 1378 480 1477 ipse
509 1376 735 1472 ferrariensem
751 1378 937 1450 editionem
952 1370 1189 1472 suppofititiam

238 1498 384 1600 putat,
410 1524 488 1576 utut
511 1527 532 1574 a
556 1501 760 1598 Le-Lon'gio
785 1494 1031 1570 confirmetur.

261 1625 322 1718 4⁰
342 1629 450 1720 Usque
474 1628 518 1696 R.
533 1629 666 1696 Samuel
680 1621 899 1717 consumam
924 1644 962 1689 as
977 1619 1190 1706 tribularetur

261 1759 265 1766 '
311 1749 350 1816 dt
375 1744 488 1837 Ysrail
507 1744 584 1819 ἰπὶ-8
607 1744 728 1816 Fertur.
754 1744 840 1815 char.
864 1745 1003 1814 rotundo
1026 1769 1083 1814 aa.
1108 1745 1190 1834 maj.

300 1867 496 1957 judaeorum
512 1867 649 1958 suppus.
672 1868 762 1959 5313
781 1863 890 1962 Christi
917 1866 1027 1958 1553.

303 2059 306 2068 ,
333 1985 456 2071 Extat,
480 2006 518 2062 ut
542 1981 691 2084 superius
715 1985 928 2068 monuimus,
959 1986 1001 2059 δι
1023 1986 1060 2057 in
1086 1989 1191 2060 mani·

262 2106 325 2180 hus
347 2109 433 2180 meis
459 2109 560 2180 etiam
586 2105 653 2193 est,
678 2105 777 2201 hujus
801 2102 879 2176 libri
902 2105 1007 2178 editio
1032 2109 1190 2182 rotundis

263 2227 387 2302 litteris
411 2252 551 2315 curata,
567 2249 655 2326 quae
678 2227 769 2300 hanc
793 2224 861 2299 loci
885 2229 926 2301 &
940 2230 1023 2298 anni
1041 2228 1193 2327 designa·
1267 2317 1269 2323 ι

263 2350 390 2421 tionem
406 2347 547 2422 exhibet
557 2373 600 2422 ex
617 2343 801 2421 ferrarienli
817 2347 967 2419 editione
985 2367 1191 2437 mutuatam,

263 2493 303 2541 ac
326 2489 517 2564 retentam.
543 2469 676 2543 Sedea
700 2464 968 2552 Amstelodami,
1000 2492 1073 2541 non
1105 2470 1196 2543 Fer-⁴·

264 2595 377 2669 cariae
397 2592 546 2690 prodiit,
570 2615 610 2663 ac
643 2615 707 2690 pro
739 2589 912 2663 ementito
947 2589 1035 2665 illiue
1071 2593 1191 2667 titulus

261 2713 440 2788 habendus
481 2713 528 2792 est
544 2745 570 2798 ,·
589 2715 626 2786 in
641 2769 643 2773 -
658 2735 729 2808 quo
767 2709 925 2784 nonnulli
966 2713 1193 2819 bibliographi

252 2839 436 2912 ‘interdum
460 2836 658 2910 hallucinati
683 2833 784 2920 sunt,
819 2837 878 2931 qui
900 2833 995 2911 illam
1020 2835 1191 2912 recensue-
1267 2831 1270 2838 ’

264 2976 365 3051 runt,
401 2954 464 3029 acsi
499 2953 614 3056 reapse
646 2957 816 3032 Ferrariae
841 2958 1032 3053 prodiisset.
1069 2962 1191 3034 Perra-

247 3078 375 3154 'riensrs
400 3062 506 3154 editio
531 3105 602 3160 non
635 3079 818 3165 rotundis,
857 3076 914 3151 sed
952 3080 1114 3180 gothicis,
1136 3089 1192 3152 'ut

261 3201 435 3287 diximuS,
459 3205 552 3301 typis
576 3202 623 3276 est
647 3224 808 3278 exarata.
832 3205 938 3297 Quod
962 3199 1194 3277 idem'discri-
1231 3188 1234 3192 ’

262 3345 341 3394 men
359 3388 366 3394 ,.
375 3325 554 3397 intercedit
589 3327 677 3399 inter
711 3323 945 3400 ferrariensem
988 3323 1191 3424 hispanicam

263 3444 457 3549 Bibliotumv
483 3446 688 3533 editionem,
712 3449 754 3522 br
778 3470 888 3520 novas
914 3445 1195 3544 amstelodamen·

262 3561 312 3638 ses
341 3571 453 3648 1611,
486 3567 528 3640 br
563 3571 677 3662 1630,
715 3591 800 3666 quas
832 3565 1027 3676 facillimum
1053 3567 1100 3643 est
1142 3555 1220 3643 ob¹

262 3684 465 3762 serraricnlis
508 3687 644 3760 titulum
687 3688 856 3764 verbatim
894 3711 1080 3764 retentum·
1112 3715 1192 3764 cum

262 3806 451 3882 ferrariensi
491 3806 656 3884 confundi
696 3809 741 3884 ab
775 3814 841 3898 iis,
877 3814 935 3910 qui
975 3813 1192 3916 epigraphem

261 3947 341 4002 non¹
358 3931 660 4006 animadverterint
685 3935 730 4008 ad
752 3932 878 4008 calcem
902 3956 1098 4021 extantem,
1123 3944 1192 4031 qua
1336 3984 1338 3989 -
1364 3987 1365 3990 ,

261 4055 434 4150 repetita,
471 4050 529 4129 seu
563 4053 678 4130 recusa
701 4057 826 4132 dicitnr
850 4055 997 4152 utraque
1024 4055 1083 4127 illa
1121 4078 1190 4128 am·
1255 4088 1257 4092 ·

260 4171 508 4248 stelodamensts
526 4177 663 4281 editior
685 4182 723 4254 Y
733 4179 795 4270 fite
818 4171 996 4268 reformada
1009 4223 1027 4248 .,
