3404 5208
521 529 574 626 84

512 659 667 758 suppleta
692 650 921 760 conspicitur.
945 664 1101 764 Dignitas
1119 687 1235 740 autem
1260 671 1441 762 editionis,

512 787 554 858 ὃ(
578 806 717 882 recepta
741 788 1032 886 typographorum
1056 787 1268 866 consuetudo
1286 796 1442 893 postula·
1477 867 1479 871 ,

512 905 593 990 bat,
612 914 655 978 'ut
680 911 852 1005 integrum
868 907 1007 994 folium,
1032 909 1173 984 dilatata
1198 915 1385 1014 tantisper,
1404 940 1441 991 ut

512 1029 636 1104 sactum
672 1031 742 1116 eli,
766 1037 911 1133 paginae
947 1031 1078 1119 forma,
1120 1057 1224 1132 atque
1262 1041 1460 1114 immutata·

511 1161 631 1254 majori
655 1158 770 1230 littera
793 1159 933 1259 lignea,
957 1163 1047 1255 quae
1070 1155 1252 1235 sectionem
1278 1164 1447 1252 inchoat,

513 1282 552 1352 in
575 1283 766 1366 minorem,
784 1283 900 1354 denuo
917 1283 1190 1380 imprimeretur,
1204 1305 1273 1358 non
1299 1288 1442 1358 totidem

513 1400 692 1477 breviores
715 1399 914 1489 schedulae,
939 1425 1027 1499 quae
1051 1404 1238 1476 editionem
1263 1401 1366 1502 ipsam
1382 1407 1444 1478 de-

512 1524 731 1612 formabant,
756 1526 852 1602 facile
878 1549 991 1600 autem
1026 1529 1154 1612 amitti,
1194 1552 1259 1601 nec
1298 1553 1445 1601 commo-

512 1651 557 1724 de
582 1648 683 1724 inseri
707 1650 1007 1748 poterant..Hinc
1032 1673 1238 1747 perperam,
1262 1675 1340 1724 meo
1365 1651 1445 1746 qui-

512 1777 591 1848 dem
615 1775 760 1871 judicio,
793 1798 838 1862 ex
868 1771 988 1844 harum
1018 1766 1254 1844 schedularum
1287 1771 1444 1860 desedlu,

509 1896 568 1971 vel
592 1898 635 1968 de
660 1896 754 1974 Burii
779 1894 821 1963 de
846 1887 912 1962 illis
936 1890 1071 1961 silentio
1108 1895 1198 1962 eruit
1234 1915 1444 1990 commemo-

513 2033 607 2088 ratus
631 2011 816 2084 Crevenna
841 2007 1052 2104 exenrplaria
1068 2011 1183 2086 omnia
1198 2009 1369 2106 hucusque
1385 2011 1444 2106 vel

513 2161 534 2209 a
558 2139 601 2208 de
626 2135 734 2220 Bure,
759 2131 817 2208 vel
841 2157 862 2203 a
884 2131 1008 2202 ceteris
1032 2127 1276 2230 bibliographis
1302 2129 1373 2206 visa
1396 2133 1443 2206 la.

512 2282 637 2336 cunam
668 2253 761 2328 illam
785 2251 1045 2332 constantilhme
1078 2251 1257 2328 habuisse.
1290 2255 1454 2356 Manife-¹

510 2381 598 2469 llum
634 2376 680 2452 est
704 2375 961 2478 bibliographos
989 2381 1050 2474 qui
1088 2376 1263 2476 hucusque
1301 2381 1344 2453 de
1379 2379 1444 2453 hac

512 2505 638 2577 lacuna
661 2499 841 2606 siluerunt,
865 2501 923 2575 vel
948 2525 1023 2573 eam
1049 2523 1122 2572 non
1147 2501 1443 2588 animadvertisse,
1534 2539 1535 2542 ¹

485 2621 487 2624 ’
505 2623 814 2723 quodfacillimum
831 2625 901 2710 est,
923 2623 981 2698 vel
993 2622 1245 2718 exemplaribus
1266 2621 1343 2701 usos
1359 2623 1442 2711 else,

510 2771 599 2844 quae
625 2771 700 2819 earn
725 2770 797 2819 non
822 2745 1046 2824 referebant.
1071 2747 1201 2818 Decem
1225 2745 1275 2820 illi
1299 2746 1443 2824 versicu.

464 2883 468 2894 ·
503 2861 533 2944 li
556 2865 798 2966 praetermissi,
832 2868 983 2964 integri,
1017 2887 1056 2941 ut
1093 2875 1213 2940 extant
1246 2869 1284 2940 in
1313 2893 1350 2940 ιι
1379 2867 1440 2940 suo
1470 2907 1473 2912 ·

477 2987 716 3084 exemplari,
751 2989 882 3082 optimo
919 2985 1060 3059 confilio
1095 3012 1116 3059 a
1151 2987 1332 3062 Crevenna
1371 2983 1441 3084 ipso

510 3109 616 3186 recusr
640 3105 717 3182 sunt
742 3111 779 3180 in
803 3107 993 3208 postremo,
1017 3105 1074 3181 seu
1101 3133 1147 3184 vr
1173 3110 1299 3182 Indicis
1324 3107 1369 3182 lui
1382 3135 1442 3184 vo·

508 3235 637 3310 lumine
660 3257 735 3333 pag.
763 3237 808 3320 6,
844 3253 883 3304 ut
916 3229 1108 3317 constaret,
1142 3233 1226 3329 quid
1252 3235 1289 3305 in
1322 3229 1442 3306 esemss

505 3358 660 3456 plarlbus
684 3353 833 3442 deellet,
867 3357 908 3438 ὅ(
939 3374 1120 3427 uteorum
1145 3353 1271 3427 lacuna
1295 3351 1441 3452 suppleri

505 3479 668 3556 facillime
692 3471 820 3580 posset.
845 3479 914 3554 Sed
939 3499 1045 3576 quum
1069 3477 1326 3578 typographicis
1351 3494 1441 3550 'non-
1505 3555 1508 3560 ,

505 3602 610 3676 nullis
633 3604 841 3708 illi'mendis
865 3595 1041 3686 scateant,
1066 3625 1130 3672 nec
1155 3604 1309 3672 omnium
1333 3603 1443 3681 mani«.
1504 3651 1507 3657 ,

503 3722 568 3794 bus
592 3745 724 3795 teratur
749 3731 1001 3800 crevennianus
1026 3725 1160 3810 Index,
1184 3723 1268 3796 hinc
1295 3747 1437 3796 accura-

505 3831 571 3918 tius
595 3833 658 3916 nos
680 3845 737 3916 hic
774 3871 833 3926 eos
858 3871 902 3918 ex
938 3844 1068 3942 duplici
1098 3845 1215 3926 nostro
1249 3843 1449 3949 exemplari·

505 3963 717 4070 subjiciemus
728 4015 745 4038 .-
765 3969 836 4061 ραι
855 3973 1065 4059 commendo.
1090 3974 1136 4046 A.
1145 3997 1229 4066 para
1245 3974 1342 4043 dara
1358 3972 1438 4038 ellos
