3428 5180
260 772 350 862 hanc
374 769 618 871 typographiae
631 767 1005 849 hebraeo-ferrariensis
1023 773 1192 873 epocham

264 899 385 970 ceteris
409 895 623 968 illustriorem
657 896 863 994 perbrevem
888 893 982 970 fuisse
1020 895 1188 987 arbitror,

262 1045 329 1093 nec
344 1018 442 1096 sorte
468 1016 632 1091 excessisse
658 1043 790 1103 annum·
814 1023 938 1116 1558·
975 1023 1042 1096 Vix
1067 1049 1109 1096 ea
1132 1048 1188 1096 te·
1233 1024 1235 1029 ’

174 1235 176 1240 ,
263 1137 358 1216 vixit
374 1140 434 1214 sub
460 1137 564 1213 finem
589 1139 689 1237 elapsi
712 1141 855 1226 seculi,
874 1171 945 1240 quo
978 1149 1187 1243 judaicarum

261 1287 400 1361 precum
437 1263 547 1353 Ordo
561 1262 803 1360 pulcherrimis
817 1279 820 1284 '
836 1270 928 1364 typis
968 1271 1077 1342 editus
1095 1285 1097 1290 “
1116 1268 1187 1354 est,

261 1389 354 1483 quod
378 1383 490 1459 rursus
515 1389 678 1458 evanuit.
701 1389 789 1460 Tres
814 1392 916 1487 igitur
931 1390 1086 1490 diversas
1110 1415 1190 1488 epo·

262 1509 342 1582 chas
365 1509 593 1608 typographia
628 1507 1003 1585 hebraeo-ferrariensis
1036 1513 1189 1613 comple·

259 1635 382 1716 (litut,
398 1634 434 1708 in
450 1657 593 1729 quarunt
610 1636 717 1730 prima
735 1630 808 1704 bini
833 1615 912 1706 libri
927 1633 1070 1732 impreffi
1085 1633 1160 1710 sunt
1177 1669 1194 1724 ,ἰ

260 1760 297 1830 in
321 1753 467 1838 secunda
491 1736 613 1854 viginti
629 1757 668 1827 ὅ(
684 1755 784 1840 osio,
801 1755 837 1824 in
862 1752 1029 1850 postrema
1047 1765 1187 1832 unicus.
1202 1849 1209 1856 ,.
1236 1769 1238 1773 '

259 1882 312 1954 Ita
336 1904 407 1960 non
430 1877 565 1975 plures,
601 1901 702 1972 quam
730 1895 769 1967 31
799 1872 878 1946 libri
903 1874 1081 1964 hebraici,
1098 1909 1185 1978 quos
1226 1951 1228 1956 ,

257 2005 394 2100 quidem
410 2001 588 2082 noverim,
604 1998 1019 2094 ferrariaeprodierunt.
1036 2005 1184 2079 Inhisee

257 2125 365 2200 tribus
389 2124 528 2220 epochis
553 2143 702 2218 quatuor
732 2119 858 2220 diuersi
893 2121 1082 2199 floruerunt
1115 2127 1209 2201 ser.»v

257 2244 420 2320 turienses
443 2243 673 2344 typographi,
699 2241 879 2316 Abraham
896 2244 1055 2332 Chaiim,
1074 2245 1186 2323 Abra-

186 2437 187 2440 ,
257 2360 335 2451 ham
360 2362 493 2461 Usque,
510 2363 654 2446 ¹,Samuel
673 2363 818 2444 Gallus,
854 2367 894 2436 &
918 2366 1092 2454 Fllonius,
1125 2368 1193 2448 seur

257 2494 373 2590 potius
396 2485 517 2584 loseph
542 2483 684 2567 Niffim,
716 2485 757 2558 8(
781 2482 953 2558 Abraham
977 2485 1107 2560 Chaiim
1132 2488 1185 2563 sa-

256 2609 385 2696 nensis,
409 2608 542 2686 incolae
568 2609 765 2694 mantuani,
790 2610 849 2704 qui
874 2609 911 2680 in
935 2609 1057 2689 Filonii
1082 2613 1195 2686 domo.

255 2733 346 2810 hanc
368 2753 474 2812 artem
497 2749 746 2804 exercuerunt.
771 2727 944 2802 Abraham
962 2731 1030 2804 ben
1048 2732 1202 2808 chaim-

258 2854 401 2928 celehris
430 2877 499 2950 ..xv
542 2851 647 2928 seculi
685 2849 954 2950 typographus,
989 2851 1193 2951 pisaurensis.

256 2978 339 3062 suit,
353 3003 396 3051 ac
419 2975 623 3075 ptoseffione
648 2978 793 3061 tinslor,
811 2971 913 3072 seque
938 2975 1183 3076 pisaurensem,

255 3127 298 3176 ex
321 3101 569 3181 habitatoribus
595 3127 646 3174 ac·
675 3100 862 3178 fullonibus
898 3099 1025 3174 Pisauri
1059 3099 1183 3173 diserte

254 3224 293 3294 in
314 3219 379 3295 suis
404 3224 611 3298 editionibus
647 3225 819 3322 appellat.
834 3298 836 3300 ,
854 3226 887 3296 ls
919 3229 1063 3322 patriam
1087 3221 1195 3296 dese-³.

256 3367 335 3416 rens·
362 3349 474 3418 varias
499 3348 617 3421 Italiae
642 3349 743 3422 urbes
758 3351 976 3444 peragravit,
992 3336 1083 3416 suant
1108 3347 1183 3419 ubi·

257 3487 325 3561 que
350 3486 457 3544 artem
482 3491 668 3541 exercens.
697 3447 780 3540 ¹Poll
805 3469 914 3540 editos
938 3468 1038 3541 binos
1062 3469 1188 3543 ferra-2

254 3588 325 3658 riae
350 3584 455 3683 libros
489 3587 679 3662 Bononiam
704 3613 723 3662 a
745 3586 891 3687 losepho¹
913 3588 1095 3686 Carmetha
1119 3592 1192 3666 rte-t

255 3707 392 3782 cersrtus
417 3708 486 3794 est,
510 3731 548 3783 ut
573 3710 643 3783 illic
669 3711 877 3805 Carwethae
897 3710 995 3812 ipsius
1028 3711 1181 3810 impenfis

251 3832 519 3906 Pentateuchum
543 3858 619 3906 cum
641 3833 815 3907 chaldaica
826 3830 1017 3934 paraphrasi
1034 3835 1073 3908 ὃ(
1088 3858 1180 3909 com·

251 3961 422 4032 mentatio
455 3951 605 4032 rasciano
639 3958 774 4050 ederet,
807 3958 867 4052 qui
899 3943 1021 4029 revera
1055 3957 1192 4054 prodiit,

171 4175 173 4178 Ι
254 4105 345 4156 anno
374 4083 493 4175 1482.
520 4083 571 4181 νΙιι
606 4076 900 4180 splendidillimae-
928 4075 1179 4173 tutissimaeque
1297 4189 1298 4192 Ἴ
1373 4119 1378 4133 1
