3428 5180
481 628 482 632 η
505 559 565 618 Xll

456 805 458 808 ,
503 710 644 820 davit,
677 745 724 803 ac
745 709 958 837 supplevit
979 705 1282 818 Audifredius.
1309 714 1438 836 .anss

501 902 594 958 rum
613 867 788 960 consilia
816 867 1050 992 optandum
1070 900 1329 992 summopere
1349 893 1435 974 est,

502 1050 549 1123 ut
596 1021 669 1115 alii
711 1026 969 1150 sequantur,
1014 1057 1063 1115 ac
1105 1023 1438 1152 typographicae

500 1181 758 1271 caeterarum
783 1179 1013 1270 italicarum
1028 1249 1033 1256 κ,
1043 1175 1208 1267 urbium
1240 1173 1437 1266 illustrio-

500 1364 591 1420 rum
623 1335 803 1458 origines
836 1333 1054 1459 hucusque
1087 1329 1286 1421 obscurae
1318 1327 1466 1421 evol·-¹

499 1513 692 1579 vamur.-
719 1485 822 1581 Hoc
855 1523 981 1613 porro
1014 1523 1066 1580 eo
1099 1490 1245 1614 majori
1265 1513 1435 1577 conten·-

497 1643 615 1733 tione
646 1677 694 1738 ac
741 1643 883 1735 studio
936 1642 1180 1734 enitendum
1212 1669 1275 1734 est
1292 1665 1318 1750 ,ἱ
1347 1676 1434 1766 quo

496 1798 718 1920 impensius
757 1793 813 1884 ad
851 1799 982 1916 prima
1024 1795 1155 1901 haec,
1201 1799 1434 1920 antiquissi

460 1948 645 2070 'maque
677 1943 1014 2074 typographicae
1053 1947 1153 2035 artis
1194 1978 1436 2036 monumen-

494 2126 538 2188 ta
554 2102 713 2224 vquovis
732 2133 826 2190 aere
846 2097 1033 2226 undique
1053 2097 1292 2226 colligenda
1322 2101 1434 2225 prin·

420 2311 422 2315 ·
493 2259 629 2380 cipes,
650 2331 652 2336 .
671 2258 913 2379 privatique
955 2257 1036 2380 ipsi
1081 2257 1164 2349 viri
1205 2251 1431 2362 feruntur,

492 2433 535 2497 et
554 2441 655 2532 quo
682 2405 979 2499 luculentiores
1000 2409 1128 2500 nobis
1149 2439 1315 2535 praesto
1335 2435 1431 2500 sunt
1571 2433 1577 2442 '

492 2562 732 2656 eorumdem
764 2563 1065 2657 collectiones.
1120 2562 1173 2657 In
1224 2573 1310 2693 quo
1355 2595 1431 2655 ne·

490 2723 605 2828 sci0‚
653 2754 707 2810 an
738 2718 850 2810 ullus
872 2714 1156 2845 diligentiam
1190 2721 1338 2810 vicerit
1369 2751 1432 2808 ce·-

490 2872 699 2988 leberrimi
749 2855 879 2962 dostri
928 2871 1160 2981 Paciaudi‚.
1197 2873 1430 2998 bibliogra-

488 3024 567 3150 phi
597 3025 766 3130 summi,
810 3057 858 3113 ac
900 3023 954 3115 de
987 3024 1139 3117 litteris
1161 3093 1188 3134 „
1218 3023 1272 3117 de
1313 3029 1427 3152 regia

488 3175 568 3267 hac
616 3180 823 3302 parmensi
854 3183 1121 3271 scientiarum
1163 3178 1425 3288 Academia,

488 3329 542 3439 de
574 3330 844 3453 Bibliotheca
876 3339 1006 3461 ipsaa
1029 3332 1311 3426 fundamentis
1342 3368 1425 3425 ere-

486 3514 554 3597 Gta
586 3495 744 3614 optime
776 3493 947 3601 meriti,
980 3494 1093 3617 eujus
1126 3525 1254 3616 opera
1286 3485 1435 3613 splen-⁴

486 3636 697 3730 didissima
739 3642 970 3734 editionum
1010 3642 1103 3736 XV
1147 3643 1276 3736 seculi
1293 3655 1441 3767 'sup-.

348 3807 349 3810 ‘
487 3792 633 3920 pellex
666 3795 848 3887 collecta
887 3804 933 3889 in
974 3803 1088 3925 regia
1136 3799 1217 3888 hac
1260 3789 1425 3890 Biblio-

356 3989 358 3994 '
488 3949 611 4043 theca
652 3953 927 4082 conspicitur,
969 3953 1215 4047 doctissimis
1258 3950 1423 4043 illarum

1693 1351 1700 1526 t
