3428 5180
789 631 791 636 ,
972 691 975 698 γ
1107 613 1156 700 23

229 729 269 778 ac
294 708 415 808 dignus
437 707 564 806 plane,
589 737 691 809 quem
716 711 890 814 Philippus
915 717 1069 816 Aquinas
1092 721 1160 826 gal-

229 829 319 914 lice,
345 828 581 914 Uchtmannus
606 860 690 909 vero
706 834 813 922 latine
830 841 1161 939 interpretarentur.

228 954 392 1024 Primaria
415 951 516 1049 hujus
540 953 619 1028 libri
654 960 762 1032 editio
787 957 834 1032 e'st
870 965 1078 1040 soncinenfis
1103 993 1161 1042 an·
1260 997 1264 1007 ·

229 1077 267 1146 ni
296 1058 537 1172 1485,‘quam
563 1080 689 1176 excipit
713 1107 839 1160 veneta
864 1094 945 1164 anni
975 1100 1096 1187 1546,
1120 1120 1176 1170 ac,
1259 1163 1263 1170 .

228 1195 343 1270 nostra
367 1197 451 1270 haec
477 1202 569 1274 anni·
587 1224 676 1294 1552
690 1259 700 1288 ,
716 1211 717 1214 ’
735 1207 868 1307 haeque
894 1215 1061 1290 editiones
1086 1242 1162 1292 om-

228 1347 291 1396 nes
316 1326 407 1420 apud
432 1349 485 1397 me
511 1345 634 1399 extant
659 1354 727 1402 una
741 1357 818 1404 cum
833 1333 962 1407 batava
975 1337 1162 1411 Uchtman·

141 1521 142 1524 ,
228 1448 276 1521 ni,
292 1449 375 1518 anni
406 1452 523 1540 1650.
565 1448 782 1532 Soncinenfis
805 1457 845 1530 &
869 1446 1076 1537 ferrariensis
1100 1483 1164 1531 ex·
1200 1527 1202 1533 .
1309 1561 1313 1568 ι

228 1589 307 1642 tant
322 1573 435 1652 etiam
459 1571 495 1642 in
520 1571 737 1647 Bibliotheca
760 1575 899 1674 collegii
922 1583 1163 1681 propagandae

229 1687 336 1775 fidei,
372 1692 409 1763 in
440 1717 515 1788 qua·
532 1693 702 1767 beneficio
727 1697 911 1772 doctissimi*
930 1723 1033 1798 atque
1050 1703 1165 1778 huma·

228 1811 350 1888 niffimi
373 1811 535 1910 praesulis
561 1815 726 1913 Stephani
750 1818 892 1920 Borgiae
916 1817 1163 1899 seleniffimum

230 1937 298 2010 vidi
328 1933 584 2022 hebraicarum,
618 1959 723 2036 atque
759 1943 975 2016 exoticarum
1009 1950 1163 2021 omniurn

229 2060 440 2144 editionum,
458 2083 505 2134 ,ac
529 2056 604 2134 mss.
629 2062 732 2136 etiam
758 2047 914 2137 codicum
927 2091 1165 2164 apparatum.

230 2181 384 2257 Nostram
417 2179 507 2254 hanc
540 2185 729 2255 editionem
759 2177 818 2252 suo
857 2182 935 2254 loco
971 2209 1164 2262 memorant

219 2301 483 2388 Rationalis,
508 2301 718 2384 Scabtaeus,
744 2323 785 2372 ac
811 2302 976 2387 Wolfius,
1000 2303 1056 2380 sed
1081 2331 1164 2404 per·

230 2451 351 2526 peram
377 2448 451 2498 eam
476 2422 663 2510 Scabtaeus
680 2442 839 2493 venetam
857 2421 1065 2518 appellavi13
1089 2450 1165 2523 pet.

230 2571 348 2650 petam
371 2543 519 2624 -Wolfius
545 2567 590 2617 ex
626 2542 729 2617 titulo
753 2565 827 2614 non
862 2545 954 2618 retae
987 2546 1178 2622 intelleflo·

234 2669 394 2772 collegit,
416 2687 485 2739 'non
510 2689 576 2738 tam
602 2669 704 2762 ipsam
734 2669 817 2737 lanc
849 2670 1018 2739 editionem
1050 2675 1165 2743 Ferra-

231 2799 296 2868 riae
323 2793 471 2886 cxcufhm
495 2791 586 2877 dici,
611 2815 706 2884 quam
723 2788 839 2881 'potius
869 2790 970 2860 aliam
985 2791 1165 2882 ferrarien·

223 2919 294 3013 sem
319 2915 503 3001 memorari,
536 2939 617 3006 quae
636 2987 639 2991 ,
656 2912 922 2984 Commentarium
960 2915 1003 2986 R.
1033 2917 1179 3010 Jofipdi‘

231 3039 368 3132 Franses'
390 3033 577 3126 adjectitium
611 3024 745 3106 lubeat.
782 3035 865 3106 Inde
881 3035 1007 3125 stadum
1031 3038 1108 3133 est,
1129 3060 1167 3108 ut

148 3223 151 3227 .
232 3187 303 3232 cum
329 3167 417 3232 locus
443 3155 649 3252 imprefflonis
682 3155 811 3251 prorsus
835 3157 886 3226 laic
911 3183 979 3226 non
1011 3184 1167 3237 memorate

233 3305 337 3368 accur,
361 3283 537 3351 Scabtaeus
564 3281 603 3350 V
600 3281 711 3348 enetiis
744 3279 861 3346 editum
887 3279 1030 3348 diceret,
1053 3277 1167 3350 Unica

235 3398 354 3487 enim,
378 3425 451 3472 non
473 3399 577 3472 binae
604 3418 726 3470 extant
742 3391 959 3470 ferrarienses
977 3398 1167 3488 editiones,

235 3526 340 3622 atque
366 3520 519 3625 ipstffima
542 3521 628 3593 haec
643 3518 756 3590 nostra
771 3515 852 3603 est,
876 3541 965 3613 quae
991 3540 1167 3594 commen«.-

149 3694 151 3698 ·
233 3651 359 3726 tarium
382 3643 479 3718 illum
502 3643 608 3715 habet
631 3641 827 3723 adnexum,
851 3641 892 3716 &
913 3643 952 3712 win
975 3665 1043 3738 qua
1068 3641 1165 3718 locus

234 3773 398 3848 editionis
423 3765 625 3867 apertiffime
658 3762 871 3866 designatur,
903 3783 945 3851 ,ut
980 3787 1024 3836 ex
1061 3765 1165 3839 titulo

234 3894 327 3996 ipso,
352 3919 454 3993 quem
473 3893 533 3968 hic
557 3889 771 3990 subjicimus,
795 3883 1055 3980 luculentissime
1081 3887 1167 3959 erui,

235 4042 315 4095 tur.
348 4022 441 4110 Libet
471 4018 641 4100 Becdiuad
662 4019 748 4085 olam
772 4010 1094 4100 cumpaommentan'o
1119 4009 1166 4084 R.
