3404 5208
243 703 300 776 20⁰
347 704 457 776 Biblia
502 699 671 798 Espahola
711 701 827 778 in·sol.
870 702 1030 774 Ferrariae
1074 705 1166 793 apud
1255 723 1259 731 ‘

290 827 415 896 Abrad.
449 824 556 918 Usque
579 852 668 897 anno
702 830 835 918 majoris
862 829 1058 917 judaeorum
1089 850 1170 920 sup·

282 949 467 1041 putationis
492 973 512 1016 a
537 953 691 1020 creatione
714 954 828 1022 mundi
852 954 967 1047 5313.

313 1069 566 1143 Celeberrimae
603 1068 682 1144 huic
706 1069 954 1169 hispa'nicorum
978 1070 1166 1146 Bibliorum

241 1194 411 1278 editioni,
451 1218 539 1290 quae
567 1190 672 1266 fusam
706 1193 966 1292 descriptionem
999 1193 1168 1292 postulat,

221 1317 410 1416 ¹integrum
434 1317 529 1412 quod
552 1313 722 1413 sequitur,
753 1317 866 1414 Caput
890 1317 922 1392 V
947 1315 1170 1390 destinamus.

242 1440 298 1531 3.⁰
333 1441 441 1511 Orderr
478 1445 516 1511 dr
551 1443 621 1512 Ros
657 1443 832 1536 dasanek,
862 1467 894 1532 y
933 1445 971 1511 dt
1010 1443 1170 1542 Κίρραν,

288 1564 391 1636 in-12
428 1563 588 1636 Ferrariat
622 1591 687 1660 pet
719 1564 888 1634 Abraham
933 1562 1043 1657 Usque
1080 1585 1169 1632 antro

281 1688 477 1778 judaeorum
503 1690 584 1779 maj.
609 1691 723 1783 5313.
1279 1772 1282 1778 Ι

310 1807 450 1884 Librum
482 1808 575 1884 hunc
607 1827 775 1884 memorat
808 1804 956 1881 Wolfius
1006 1800 1168 1900 Bibiioth.

191 1999 193 2002 .
239 1927 318 2006 heb.
338 1934 382 2006 T.
407 1958 421 2006 r
447 1962 483 2034 p.
509 1961 573 2033 32.
606 1939 675 2012 Sed
704 1954 883 2031 perperam
907 1954 985 2038 eum
1009 1927 1167 2002 Abraha-
1289 1957 1294 1974 ·

236 2076 293 2124 mo
317 2053 453 2156 Usque,
477 2079 516 2131 ut
541 2060 689 2143 auctori,
705 2055 850 2139 tribuit,
873 2057 932 2151 qui
956 2057 1029 2150 eius
1053 2053 1165 2126 editor

237 2197 372 2252 tantum
396 2180 460 2254 suit
485 2205 526 2254 ac
550 2183 743 2256 corredior.
767 2177 949 2273 Perperam
974 2179 1098 2260 etiam,
1123 2197 1163 2244 ac

203 2375 204 2379 ,
237 2299 320 2374 salso
343 2307 422 2390 itt-4
447 2328 524 2376 eum
548 2302 738 2401 impresium
765 2297 899 2371 asserit.
921 2299 1036 2370 Editio
1059 2295 1162 2384 haec,

238 2447 327 2520 quae
352 2425 443 2520 apud
476 2447 530 2496 me
563 2441 676 2508 extat,
713 2420 842 2492 constat
878 2422 972 2516 typis
1002 2417 1165 2518 gothicis,

238 2571 278 2620 ac
303 2545 394 2620 soliis
419 2552 510 2622 262.
549 2547 653 2619 Primi
685 2539 747 2642 qui
780 2561 988 2633 occurrunt,
1027 2545 1165 2618 ordiner
1208 2573 1211 2580 ¹

236 2666 313 2743 sunt
339 2671 446 2740 Orden
481 2672 519 2742 de
548 2670 669 2755 noch,
709 2667 750 2741 ὅ(
785 2672 823 2738 de
855 2663 998 2764 modona
1031 2671 1069 2739 dc
1093 2671 1163 2741 Ros

46 2769 48 2772 ⁵
167 2839 169 2844 -
237 2771 403 2884 dasanek,
418 2783 476 2862 seu
491 2785 732 2888 vespertinae,
749 2809 789 2858 ac
815 2787 1002 2862 matutinae
1025 2814 1163 2889 preces,

236 2914 386 3009 quaein
410 2909 495 3018 sesto
520 2917 610 2988 initii
636 2916 717 2988 anni
741 2915 924 3002 dicuntur,
958 2941 1042 3012 quas
1067 2920 1161 2990 exci-

235 3037 336 3138 piunt
359 3059 479 3132 preces
505 3038 710 3135 expiationis
734 3039 775 3112 d(
799 3038 889 3112 alia.
922 3041 1092 3112 Postrema
1115 3038 1161 3111 li-

221 3141 288 3230 ”bri
322 3161 447 3258 pagina
481 3157 628 3233 habetur
662 3157 840 3244 soliorum,
875 3155 933 3229 seu
970 3157 1161 3232 litterarum

234 3277 437 3375 descriptio,
461 3279 711 3380 typographica
735 3277 849 3374 Usque
874 3297 985 3362 nota,
1017 3299 1057 3348 ac
1080 3299 1162 3372 per,

232 3397 346 3472 brevis
369 3400 586 3498 epygraphe,
610 3423 679 3495 qua-
703 3402 827 3473 dieitur
851 3422 937 3495 opus
961 3400 1160 3496 Estrmpado

233 3545 273 3588 err
305 3519 434 3590 Ferrato
472 3523 559 3613 1553
591 3547 612 3589 a
636 3545 683 3590 22
721 3519 773 3590 del
810 3544 874 3589 mes
908 3523 945 3590 do
981 3522 1160 3598 Setembro·

231 3640 385 3713 Eandem
412 3664 490 3712 cum
521 3641 586 3712 hac
624 3640 810 3713 editionem
846 3635 911 3713 esse
945 3662 1031 3740 puto
1061 3669 1161 3736 eam,

233 3785 334 3860 quam
358 3759 503 3835 Wolfius
527 3758 691 3835 Bibiioth.
715 3757 794 3836 heb.
817 3762 861 3836 Τ.
886 3789 935 3838 111
959 3791 1036 3870 pag.
1065 3793 1152 3846 1201

232 3882 265 3957 se
289 3881 446 3981 reperisse
487 3880 627 3956 testatur
656 3886 694 3958 in
717 3883 885 3989 Cattlogo
925 3889 1156 3970 bibliothecae

232 4008 468 4108 ungerianae,
513 4026 617 4104 atque
661 4009 833 4110 integrum
881 4011 973 4088 hunc
1019 4015 1162 4096 titulum·
1248 4015 1252 4026 ’
