3428 5180
1139 663 1184 718 21

267 766 329 837 ta,
362 752 507 843 studia,
533 761 805 846 viciffitudines,
841 783 968 860 opera,
1005 768 1113 844 annus
1150 796 1190 844 ac

267 874 382 963 locus,
407 902 477 974 quo
501 903 541 952 ea
564 886 770 984 composuit,
788 887 938 986 expulsio
958 893 1126 989 denique,
1151 917 1191 966 ae

266 1020 357 1076 mors
390 998 644 1094 describuntur3
674 1013 788 1109 opus,
831 1039 901 1110 quo
933 1021 1080 1090 maxime
1113 1015 1190 1092 usus

267 1118 315 1191 est
340 1123 479 1218 Maius,
509 1151 547 1202 ut
572 1131 677 1206 nostri
702 1139 859 1210 austeris
883 1142 989 1236 vitam
1022 1133 1192 1213 describe-

154 1337 156 1339 ·
231 1242 233 1246 ’
266 1265 336 1330 ret,
352 1271 455 1342 quarn
472 1245 599 1328 latinae
613 1254 691 1329 suae
708 1257 849 1331 versioni
861 1259 1043 1333 Muscmiah
1059 1259 1192 1358 iescuhlt
1248 1293 1249 1296 ¹

258 1363 324 1438 ,seu
349 1363 529 1450 Praeconis
545 1375 660 1452 salutis
681 1375 858 1456 adtexuit.
881 1383 1101 1456 Ferrarienfis
1114 1381 1192 1456 vedi-

268 1490 318 1564 tio
342 1495 503 1586 primaria
527 1498 574 1570 est
598 1500 697 1598 hujus
722 1507 855 1600 operis,
889 1507 983 1600 quod
1006 1505 1064 1602 ips1
1087 1505 1191 1580 etiam

268 1599 579 1693 amstelodamenses
604 1623 754 1697 editores
778 1622 956 1711 fatentur,
992 1619 1063 1722 qui
1085 1625 1190 1724 quum

266 1732 413 1809 innova
438 1764 555 1814 eorum
581 1747 732 1818 editione
748 1755 836 1838 1⁶47
850 1745 1055 1824 ferrariensis
1079 1745 1191 1824 edito·

266 1860 312 1931 ris
336 1861 582 1956 praefationem
606 1865 862 1964 praemiserint,
877 1867 969 1944 hunc
994 1877 1026 1946 ei
1051 1878 1189 1950 titulum

265 1980 559 2078 praeposuerunt:
581 1995 681 2062 Verba
709 1997 830 2086 primi,
863 1991 1108 2095 celebrarifflmr',
1150 2025 1189 2072 ec

264 2109 389 2176 colendi
421 2110 519 2196 hujus
544 2113 617 2207 libri
641 2117 790 2192 editoris.
824 2109 872 2189 In
896 2121 1071 2196 nonnullis
1102 2144 1190 2197 vero

264 2225 539 2320 exemplaribus,
563 2257 650 2328 quae
674 2237 818 2336 latinum
842 2239 980 2314 titulum
1004 2243 1190 2332 exhibent,

236 2343 389 2443 ‘clarius
421 2345 542 2423 librum
576 2353 666 2427 hunc
703 2381 782 2433 ante
814 2357 926 2434 'annos
964 2369 1008 2454 96
1042 2368 1189 2460 primum

264 2466 393 2538 editum
424 2467 516 2542 fuiise
552 2477 806 2571 expresserunt.
838 2482 953 2554 Tanta
988 2481 1034 2555 est
1067 2487 1189 2559 raritas

167 2626 169 2630 ·
264 2585 470 2664 ferrariensts
494 2591 677 2678 editionis,
715 2619 753 2672 ut
779 2601 896 2698 aperte
922 2625 996 2677 eam
1020 2607 1189 2682 doeiiores

264 2708 495 2810 bibliographi
532 2715 700 2791 christiani
726 2714 912 2797 testentur.
946 2729 1055 2802 Nemo
1088 2730 1192 2831 igno-

265 2855 341 2920 rat,
365 2858 533 2932 quaenam
556 2839 594 2914 fit
620 2840 844 2918 Abarbanelis
859 2845 1058 2944 scriptorum
1074 2857 1187 2943 ratio,
1211 2945 1220 2958 ,

262 2957 303 3031 &
327 2980 365 3032 ut
388 2961 434 3034 ob
459 2968 659 3039 acerrimum
684 2967 773 3040 illius
808 2957 966 3044 adversus
990 2971 1187 3050 christianos

179 3064 183 3069 ¹
263 3081 388 3154 aestum
411 3085 452 3158 ὃς
474 3068 601 3160 odium
623 3087 898 3186 justo=Ecclefiae
934 3095 1074 3168 decreto
1099 3121 1186 3192 pro-

263 3199 385 3299 scripta
408 3199 510 3280 sunt.
534 3209 675 3305 Loquor
698 3211 902 3309 potiilimum
926 3217 973 3287 de
995 3219 1067 3311 ejus
1090 3217 1189 3290 Com·

258 3327 437 3398 ‘memoriis
461 3331 496 3398 in
519 3329 701 3427 prophetes
728 3333 950 3428 posteriores,
973 3336 1016 3407 de
1040 3335 1114 3438 hoe·
1129 3364 1189 3411 no-

150 3509 152 3512 .
263 3442 331 3516 stro
354 3445 391 3515 in
427 3445 630 3538 Danielem,
667 3454 707 3525 &
739 3455 782 3524 de
816 3443 996 3526 Mascmiah
1032 3455 1187 3550 jescuhi,

264 3573 324 3666 qui
358 3591 476 3644 omnes
511 3595 575 3667 pro
608 3573 869 3648 antichristianis
901 3575 1051 3651 habendi
1089 3574 1187 3669 sunt,

261 3713 337 3764 eum
361 3691 496 3782 dircite
515 3693 713 3768 christianae
750 3697 922 3798 religionis
959 3699 1096 3796 veritati
1120 3725 1187 3800 op-
1290 3789 1292 3792 .

183 3868 186 3874 -
260 3838 468 3916 ponantur,
483 3840 627 3915 eantque
650 3805 869 3919 oppugnent.
905 3814 993 3892 Hine
1018 3819 1096 3894 libri
1121 3821 1186 3910 hi,

261 3944 407 4013 maxime
443 3936 638 4028 initalia,
668 3939 820 4014 tariffimi
857 3938 952 4028 sunt,
987 3940 1184 4039 praesertim

158 4157 159 4160 Ἴ
258 4063 534 4162 exprincipibus
556 4072 660 4164 atque
683 4061 934 4161 antiquioribus
956 4063 1185 4150 editionibus,
