3428 5180
1152 560 1195 646 ¹5

273 677 315 752 cl.
330 675 482 773 Fabricy
499 697 603 773 opera
627 656 751 750 sodium
765 672 815 749 est
831 678 850 775 )
874 676 1083 773 superiorem
1098 667 1203 746 Asce-

272 803 367 876 riani.
384 803 498 897 operis
522 802 704 875 editionem
729 797 940 872 statuendum
967 795 1035 872 est.
1060 796 1197 868 Etenim

272 946 375 1019 quum
400 945 445 993 ex
468 945 510 994 ea
533 919 722 994 Chaiimum
747 947 818 995 non
843 919 996 1008 Pisauri,
1030 917 1088 994 sed
1112 919 1201 994 Fer·

271 1049 379 1120 rariae
402 1044 520 1142 paullo
544 1066 624 1118 ante
641 1047 842 1146 Ralbogiani
860 1045 1106 1120 Commentarii
1123 1046 1199 1118 edi-

270 1171 401 1240 tionem
424 1166 709 1267 typographicam
731 1190 838 1242 artem
862 1167 987 1252 fluide,
1025 1167 1066 1243 ὃ(
1100 1189 1200 1239 exer·

270 1285 372 1361 cuiss'e
395 1290 625 1375 edoceamur,
648 1307 846 1390 perperam,
869 1293 1023 1390 opinor,
1059 1291 1199 1361 dicere-

26 1501 27 1508 κ
142 1415 144 1421 ,
244 1432 328 1484 tur
360 1389 419 1483 illc
454 1411 537 1486 alibi
570 1407 736 1500 excususe
769 1409 965 1510 praesertim
1006 1433 1082 1487 cum
1114 1405 1199 1506 ¹typi

270 1555 482 1634 congruant,
506 1538 566 1632 qui
591 1536 694 1609 iidem
717 1537 860 1608 omnino
883 1529 962 1605 sunt
989 1555 1066 1604 cum
1090 1529 1201 1604 serra-
1297 1533 1311 1606 .’

270 1655 433 1729 rienstbus
461 1657 539 1733 Jore
563 1657 671 1742 dein,
704 1653 908 1732 diffimillimi
932 1677 1018 1727 vero
1044 1652 1088 1725 ab
1115 1650 1201 1738 illis,

269 1800 358 1872 quos
380 1778 613 1878 typographus
639 1779 707 1876 ipse
731 1779 921 1850 Ferrariam
945 1773 1103 1849 deserens
1128 1777 1201 1846 Bo-

268 1901 395 1971 noniae
418 1897 477 1972 vel
498 1900 642 1973 *Soncini
675 1900 856 1994 adhibuit.
893 1899 1031 1996 Itaque.
1048 1902 1105 1972 vix
1135 1900 1201 1971 du-

267 2021 469 2104 bitaverim,
492 2024 577 2120 quin
601 2025 777 2097 Ferrariae
802 2002 940 2122 quoque
967 2019 1119 2098 nostrum
1130 2020 1198 2094 hoc
1222 2065 1223 2069 =

269 2171 356 2244 opus
381 2144 592 2226 Abrahamus
618 2149 786 2221 ediderit.
812 2149 867 2218 Ad
893 2148 1054 2222 editionis
1081 2144 1201 2221 deseri·
1318 2149 1342 2230 J

266 2271 423 2364 ptionem
447 2271 541 2361 quod
565 2270 716 2350 attinet,
748 2274 816 2365 jam
849 2271 967 2340 monui
990 2273 1027 2340 in
1059 2293 1202 2340 comme·

269 2408 403 2459 morato
432 2383 613 2483 opusculo,
652 2389 744 2460 illam
775 2384 979 2472 rabbinicis,
1011 2385 1120 2484 iisque
1148 2413 1203 2460 ru·

270 2509 374 2610 dibus
408 2512 508 2608 typis
546 2531 719 2582 exaratam
761 2508 847 2596 effe,
894 2533 935 2580 ac
979 2533 1047 2602 124
1082 2507 1202 2594 soliis,

270 2630 404 2728 hacque
447 2628 624 2704 luculenta
664 2631 865 2730 epygraphe
904 2628 1063 2705 absolvi.
1109 2633 1203 2705 dini·

271 2779 339 2827 tum
362 2757 403 2854 est
424 2779 531 2826 autem
561 2782 641 2848 opus
671 2755 814 2827 sanilam
831 2780 891 2850 per
922 2781 1055 2826 manum
1090 2761 1202 2830 Abru-

270 2880 358 2948 hamr'
380 2873 522 2976 (videat
545 2879 758 2974 ipsesemert,
774 2865 995 2974 producatque
1009 2881 1076 2952 dies
1093 2883 1200 2976 suot,

269 3029 362 3073 emen
379 3007 398 3100 )
413 3003 484 3096 filii
508 3003 550 3076 R.
578 3003 703 3075 Chaiim
723 2999 918 3100 pifiturenfis
933 3003 1059 3095 scribae
1083 3005 1216 3074 velocis·
1328 3021 1331 3028 '

236 3128 238 3132 ’
264 3125 512 3222 typographici;
529 3125 743 3220 perfer‘iioque
771 3125 845 3216 ejus
864 3125 1004 3220 'contigit
1027 3125 1065 3193 in
1080 3123 1202 3214 feriam

270 3263 345 3329 rt,
377 3271 457 3337 quae
493 3247 534 3344 est
568 3249 712 3318 dieser
737 3234 850 3343 riensts
880 3247 985 3316 Siuan
1018 3244 1101 3313 anni
1126 3260 1202 3340 237
1259 3324 1261 3329 ,
1322 3339 1324 3342 ¹

260 3366 352 3459 sexti
376 3369 547 3437 millenarii
569 3367 629 3464 (Ἴ
646 3415 672 3440 ,ι
690 3365 879 3438 Beuedic‘t'us
915 3365 971 3454 qui
1000 3367 1059 3434 dat
1085 3361 1198 3464 deseffit

268 3487 442 3570 uirtutem,
467 3482 500 3555 d
525 3489 573 3575 ei,
598 3489 654 3580 qui
679 3491 761 3560 vires
787 3509 854 3555 nort
880 3486 993 3579 habet,
1018 3487 1113 3556 robur
1134 3490 1197 3558 ad·

26 3705 33 3722 .
120 3591 125 3598 ⁶
194 3639 197 3644 ¹
268 3609 344 3682 die.
380 3608 562 3700 Unicuique
598 3609 693 3678 initio
717 3607 787 3679 vidi
810 3607 934 3698 finem.
976 3611 1038 3680 Ad
1066 3611 1201 3706 glorium

131 3781 134 3785 .
267 3727 389 3818 tuam,
408 3727 583 3800 Domine!
611 3727 701 3800 Huic
727 3727 917 3842 epygraphi
942 3731 1061 3848 dece'm
1085 3729 1203 3806 versus

271 3996 395 4051 ,tutem
413 3975 494 4072 piei
513 3975 569 4053 'tit
592 3995 654 4079 pto
673 3977 831 4055 umi‘t't
852 3999 903 4055 m»
925 4003 989 4059 nm
1004 3980 1146 4058 trinium
1163 4007 1203 4066 ‹r›
