3428 5180
238 748 279 822 ὅ(
301 741 478 816 Ferrariae
506 736 701 812 hebraicam
736 740 998 842 typographiam
1038 635 1169 838 primis

147 856 149 862 ⁵
237 863 312 964 post
334 856 564 938 Abrahamum
579 861 649 934 ben
673 863 804 936 Chaiim
829 863 1019 949 exstruxit,
1041 861 1175 961 plures-¹

238 973 305 1086 que
323 986 429 1059 libros
445 984 553 1057 edidit
570 967 695 1058 ibidem
711 986 826 1066 seculo
843 989 1048 1068 decurrente
1074 1009 1171 1060 xvr.

213 1103 272 1182 'ls
298 1105 564 1180 confundendus·
590 1128 662 1178 non
687 1091 738 1180 est*
757 1133 835 1182 cum
848 1111 996 1182 'auslore
1022 1106 1182 1205 ejusdem·

236 1231 407 1312 nominis,
431 1230 491 1324 qui
515 1231 714 1305 recentioris
739 1234 861 1329 aetatis
886 1229 956 1305 esi.
988 1229 1169 1306 Celebrius

154 1427 155 1430 ,
237 1355 286 1427 est
310 1377 437 1426 nomen
460 1349 646 1424 Abrahami
679 1349 816 1448 Usque,
851 1376 954 1447 quem
979 1353 1038 1426 alii
1061 1352 1168 1439 Osiri,

150 1553 151 1556 ,
235 1473 294 1548 seu
326 1474 436 1557 Uski,
470 1471 527 1545 sed
570 1471 660 1546 male
713 1471 905 1570 appellant.
940 1474 973 1544 ls
1006 1473 1170 1546 oriundus

181 1627 184 1632 ·
236 1616 312 1669 erat
342 1619 386 1668 ex
411 1595 540 1690 judaeis
564 1592 737 1680 lusitanis,
761 1581 820 1692 qui
835 1594 909 1692 poll
936 1593 1169 1692 expulsionem

82 1717 84 1720 ’
136 1757 138 1760 v
236 1717 426 1792 Ferrariam
461 1714 493 1789 se
529 1737 751 1815 receperant,
784 1718 825 1790 &
849 1741 892 1787 ex
928 1716 1020 1788 clara
1052 1740 1170 1790 eorum

231 1841 383 1942 familia,
416 1843 453 1912 in
479 1862 548 1934 qua
571 1835 788 1928 tresgdiverfi
823 1835 964 1937 insignes
996 1841 1063 1912 viri
1083 1864 1171 1935 =uno

172 1992 176 1999 ·
233 1955 423 2058 codemque
450 1982 604 2058 tempore
621 1961 796 2040 ferrariae
821 1957 1013 2032 floruerunt
1029 2013 1039 2042 ,
1055 1959 1170 2032 Abra-

232 2083 352 2158 hamus
376 2083 511 2168 noster,
546 2086 707 2172 Samuel,
741 2062 994 2160 &.Salomon.
1019 2083 1169 2158 vSamuel

233 2209 272 2278 in
302 2205 438 2278 suorum
462 2205 616 2280 solamen
648 2207 755 2284 edidit
779 2206 968 2278 vernaculo
1003 2207 1168 2276 idiomate

65 2283 67 2286 Ι
158 2358 161 2363 ·
232 2326 359 2399 librum
388 2327 430 2408 de
457 2324 591 2404 israe’lis'
612 2323 851 2400 Consolatione
888 2327 932 2398 ab
971 2325 1168 2398 Abrahamo

232 2449 410 2535 Ferrariae
435 2449 586 2529 editum,
619 2449 662 2520 de
687 2471 758 2544 quo
783 2444 872 2518 insra
895 2448 1070 2518 dicemus.
1104 2447 1171 2518 sa,

152 2603 153 2606 ¹
232 2571 352 2646 lomon
375 2571 481 2644 edidit
504 2566 707 2670 hispanicam
732 2561 947 2662 versionem,
955 2575 1043 2640 delos
1068 2573 1168 2640 Sone-

234 2719 310 2779 tos,
343 2695 588 2765 Canciones'ec.
621 2697 672 2764 del
704 2695 896 2778 Perrarclra,
933 2693 973 2768 8(
1006 2689 1168 2764 biblicam

232 2814 378 2890 Estheris
394 2816 622 2916 Tragoediam
635 2865 645 2899 ,
657 2837 760 2911 quam
778 2810 923 2887 Wolfius
939 2835 978 2884 ac
994 2813 1169 2907 Quadtius

233 2959 444 3023 memorant,
459 2961 498 3010 ac
513 2957 692 3036 praeterea
716 2937 866 3024 italicam
892 2937 1005 3010 Odam
1030 2940 1067 3010 in
1091 2937 1168 3010 lau-

232 3063 308 3136 dem
341 3059 522 3134 cardinalis
547 3061 765 3145 Borromaei,
797 3062 889 3132 inter
913 3062 1012 3133 divos
1037 3059 1081 3130 ab
1105 3047 1166 3129 Ec·

233 3183 330 3256 clesra
353 3184 536 3282 relati,in
561 3182 762 3255 colleslione
788 3177 1020 3278 Christophori
1054 3178 1166 3250 Zaba-

233 3326 289 3379 tae
314 3303 494 3388 excusam,
516 3326 619 3402 atque
633 3331 653 3377 a
666 3300 818 3385 Wolfio,
841 3304 980 3372 immoa
1005 3295 1167 3374 Crescim·

166 3481 170 3487 ,
233 3427 340 3500 benio
365 3420 437 3522 ipso
462 3448 502 3496 ac
527 3427 707 3518 Quadrio,
743 3447 782 3498 ut
819 3427 973 3498 eruditus
1004 3424 1166 3498 irenaeus

231 3551 344 3625 noster
368 3545 469 3630 Astu,
507 3549 567 3642 qui
593 3572 726 3620 mecum
750 3546 919 3622 benevole
942 3545 1035 3620 illam
1071 3572 1166 3621 com·

231 3671 440 3756 munreavit,
458 3670 700 3742 animadvertit
713 3723 722 3756 ,
733 3669 865 3744 silentio
879 3667 1162 3768 praetermissam.

231 3791 445 3866 Abrahamus
468 3789 779 3889 praestantissimam
804 3792 1066 3894 typographiam
1083 3791 1163 3865 Fer-

152 3970 157 3976 -
230 3919 339 3991 rariae
365 3918 501 4002 erexit,
525 3939 599 3987 non
623 3913 790 3991 hebraicis
815 3919 1080 4004 tantummodo,
1104 3913 1163 3988 sed

230 4045 270 4118 ὃ(
293 4039 559 4142 latinogothicis
583 4043 675 4142 typis
690 4043 876 4128 munitatu,
893 4066 939 4128 ex
964 4063 1033 4136 qua
1046 4045 1163 4137 quam·
