3404 5208
514 597 568 677 92

509 727 579 778 rent
604 702 671 802 ipse
689 699 887 804 collegerit,
912 700 1127 799 disposuerit,
1147 691 1321 780 adornarit
1336 699 1360 792 ,'
1373 728 1435 811 ego

510 827 653 900 multum
679 845 751 899 non
775 823 995 925 repugnabo.
1022 826 1138 918 Quare
1155 831 1244 900 enirn
1268 828 1341 902 fieri
1367 855 1436 903 non
1468 857 1471 862 ·

508 953 641 1048 potuit,
671 971 733 1036 ut,
766 948 898 1022 collatis
923 948 990 1045 ipse
1023 946 1137 1020 studiis
1169 970 1247 1022 curn
1282 951 1435 1024 Samuele

509 1073 610 1165 ejus,
634 1089 673 1141 ut
697 1071 851 1156 videtur,
876 1071 1005 1157 fratre,
1028 1071 1084 1144 vel
1108 1094 1276 1172 cognato,
1300 1073 1435 1171 'aliisque
1526 1053 1530 1064 ⁵

509 1189 705 1263 clariffirnae
729 1190 817 1264 illius
841 1216 1034 1293 synagogae
1058 1193 1229 1280 rabbinis,
1253 1195 1438 1270 ferrarien-

510 1311 577 1386 sem
602 1313 692 1384 hanc
716 1312 905 1387 versionem
919 1339 963 1388 ex
984 1315 1134 1412 antiquis
1157 1320 1322 1413 majorum
1346 1315 1437 1392 sche·
1538 1405 1542 1411 ¹

511 1438 564 1508 dis
591 1434 784 1531 digesserit,
809 1439 943 1508 interint
976 1463 1064 1510 vero
1094 1445 1170 1510 'eant
1204 1441 1247 1512 ad
1280 1437 1436 1538 hispanos

505 1553 595 1653 ipsos
618 1554 801 1654 sapientes,
825 1557 983 1654 aquibus
1006 1558 1097 1632 illam
1123 1559 1232 1634 veluti
1256 1583 1436 1635 mutuave-
1542 1623 1546 1632 .

501 1661 582 1764 ¹rat,
616 1682 656 1754 de
688 1703 734 1753 ex
768 1705 912 1777 quorum
938 1679 1071 1778 scriptis
1095 1681 1309 1778 profecerat,
1343 1703 1437 1756 retu-

507 1801 613 1874 lerit?
639 1799 837 1874 Praesertim
861 1823 965 1898 quutn
989 1826 1126 1900 praeter
1142 1782 1339 1879 christianoa
1364 1829 1436 1877 non

433 1952 435 1957 ·
508 1923 616 2018 defint
641 1945 686 1993 ex
708 1924 838 2015 judaeis
863 1921 959 2016 ipsis,
982 1926 1040 2016 qui
1065 1923 1115 1994 illi
1140 1921 1328 1996 versonem
1344 1925 1435 1998 hanc
1479 1931 1481 1934 ’

508 2043 726 2136 adjudicent.
750 2041 865 2112 Unum
889 2041 944 2112 hic
970 2017 1109 2113 asseram
1137 2045 1178 2115 R.
1203 2044 1435 2134 Abrahainunr

506 2170 618 2266 Sury,
654 2169 714 2262 qui
747 2167 784 2236 in
821 2163 971 2261 Prologo
996 2164 1040 2234 ad
1074 2152 1271 2238 Psalrerium
1307 2164 1437 2264 hispan.

493 2284 705 2364 'ferrariense
750 2311 779 2383 ει]
806 2283 836 2356 se
873 2282 1112 2358 Amstelodami
1152 2284 1303 2360 recusum
1344 2307 1436 2360 anno
1507 2318 1509 2322 ⁷

396 2453 398 2456 ·
444 2399 448 2403 ⁵
504 2414 599 2507 5388
635 2412 771 2506 majoris
800 2412 997 2504 judaeorum
1038 2413 1314 2506 supputationis,
1348 2411 1437 2484 chri-

506 2535 690 2608 stianorum
720 2534 831 2618 1628,
866 2533 959 2628 quod
991 2533 1028 2603 in
1060 2533 1215 2608 manibus
1248 2538 1331 2609 meis
1362 2535 1435 2620 est,

511 2659 599 2730 illud
623 2677 726 2731 vocat
752 2659 920 2753 traduzia'o
946 2681 1004 2726 con
1029 2659 1142 2726 mucha
1167 2661 1344 2730 excelentia
1375 2683 1437 2754 por

505 2787 542 2853 at
564 2758 664 2850 seros
680 2780 844 2848 Annum
870 2781 963 2846 Arm
990 2776 1096 2870 usque
1120 2783 1158 2849 a
1181 2780 1329 2854 anam.
1357 2815 1360 2819 -

507 2925 511 2930 ·
585 2901 691 2996 Quod
717 2903 803 2972 vero
829 2901 872 2971 ad
896 2901 1062 2973 rationem
1087 2899 1231 2986 attinet,
1264 2922 1366 2996 quam
1398 2901 1436 2972 in

508 3026 574 3100 hac
599 3021 806 3106 elaboranda
830 3019 988 3095 versione
1007 3020 1138 3117 sequuti
1171 3007 1248 3094 sunt
1270 3022 1436 3118 interpre-

507 3173 581 3236 tes,
607 3149 810 3244 quicumque
834 3147 971 3232 tandem
993 3145 1016 3215 ii
1040 3141 1190 3228 fuerint,
1213 3163 1311 3214 tanta
1335 3145 1358 3214 ii
1383 3165 1435 3216 re·

507 3272 636 3369 ligione
660 3266 708 3340 us1
730 3264 828 3352 sunt,
865 3287 903 3340 ut
929 3267 972 3362 ad
1001 3261 1266 3368 superstitionem
1291 3286 1434 3365 vergere

506 3392 672 3492 plerisque
690 3390 813 3462 criticis
828 3390 1012 3472 videatur,
1037 3388 1210 3484 &inepte
1234 3384 1435 3484 superstitio-

416 3549 417 3553 *
506 3516 575 3590 sam
602 3539 675 3588 earn
701 3511 883 3610 appellare.
901 3536 972 3587 non
995 3509 1128 3594 dubitet
1152 3503 1323 3584 Arnoldus
1350 3510 1435 3580 Boo·

509 3639 578 3710 tius
604 3637 688 3736 (a).
711 3635 829 3709 Verbo
856 3635 945 3707 enirn
969 3637 1013 3708 ad
1039 3635 1202 3718 verbum,
1226 3654 1265 3706 ut
1287 3634 1324 3704 in
1347 3633 1435 3703 ritu-

508 3757 545 3830 lo
568 3753 636 3852 ipso
660 3763 888 3845 monuerunt,
909 3759 1120 3858 interpretari
1145 3757 1220 3830 sunt
1233 3769 1246 3844 ,⁴
1266 3755 1359 3852 quod
1384 3757 1433 3826 in·

569 4035 606 4102 (a)
625 4031 758 4086 Animadv·
775 4035 887 4090 sacr..ad
902 4035 969 4090 Heb.
984 4049 1047 4090 text·
1064 4036 1091 4088 in
1107 4037 1198 4107 Indice
1215 4035 1308 4088 audior.
1402 4055 1403 4073 t
