<?xml version="1.0" encoding="UTF-8"?>
<!DOCTYPE html PUBLIC "-//W3C//DTD XHTML 1.0 Transitional//EN"
    "http://www.w3.org/TR/xhtml1/DTD/xhtml1-transitional.dtd">
<html xmlns="http://www.w3.org/1999/xhtml" xml:lang="en" lang="en">
 <head>
  <title>
</title>
<meta http-equiv="Content-Type" content="text/html;charset=utf-8" />
  <meta name='ocr-system' content='tesseract 3.04.00' />
  <meta name='ocr-capabilities' content='ocr_page ocr_carea ocr_par ocr_line ocrx_word'/>
</head>
<body>
  <div class='ocr_page' id='page_1' title='image "./johbernardidero00rossgoog_0121.png"; bbox 0 0 3404 5208; ppageno 0'>
   <div class='ocr_carea' id='block_1_1' title="bbox 537 597 1468 805">
    <p class='ocr_par' dir='ltr' id='par_1_1' title="bbox 537 597 1468 805">
     <span class='ocr_line' id='line_1_1' title="bbox 542 597 620 654; baseline -0.026 0"><span class='ocrx_word' id='word_1_1' title='bbox 542 597 620 654; x_wconf 84' lang='lat'>102</span> 
     </span>
     <span class='ocr_line' id='line_1_2' title="bbox 537 700 1468 805; baseline 0.004 -25"><span class='ocrx_word' id='word_1_2' title='bbox 537 705 648 780; x_wconf 87' lang='lat' dir='ltr'>suetus</span> <span class='ocrx_word' id='word_1_3' title='bbox 683 705 829 778; x_wconf 87' lang='lat' dir='ltr'>Levitici</span> <span class='ocrx_word' id='word_1_4' title='bbox 853 702 1031 786; x_wconf 68' lang='lat' dir='ltr'>descetus,</span> <span class='ocrx_word' id='word_1_5' title='bbox 1067 725 1108 773; x_wconf 89' lang='lat' dir='ltr'>ac</span> <span class='ocrx_word' id='word_1_6' title='bbox 1142 700 1267 778; x_wconf 88' lang='lat' dir='ltr'>lacuna</span> <span class='ocrx_word' id='word_1_7' title='bbox 1304 706 1385 783; x_wconf 91' lang='lat' dir='ltr'>folio</span> <span class='ocrx_word' id='word_1_8' title='bbox 1420 735 1468 805; x_wconf 80' lang='lat'>49</span> 
     </span>
    </p>
   </div>
   <div class='ocr_carea' id='block_1_2' title="bbox 404 818 1470 929">
    <p class='ocr_par' dir='ltr' id='par_1_2' title="bbox 404 818 1470 929">
     <span class='ocr_line' id='line_1_3' title="bbox 404 818 1470 929; baseline -0.001 -25"><span class='ocrx_word' id='word_1_9' title='bbox 404 837 408 844; x_wconf 85' lang='grc'><em>’</em></span> <span class='ocrx_word' id='word_1_10' title='bbox 537 825 764 924; x_wconf 84' lang='lat' dir='ltr'><strong>conspicitur.</strong></span> <span class='ocrx_word' id='word_1_11' title='bbox 792 827 886 898; x_wconf 90' lang='lat' dir='ltr'>Haec</span> <span class='ocrx_word' id='word_1_12' title='bbox 911 825 953 897; x_wconf 88' lang='lat' dir='ltr'>de</span> <span class='ocrx_word' id='word_1_13' title='bbox 979 818 1198 897; x_wconf 86' lang='lat' dir='ltr'>celeberrima</span> <span class='ocrx_word' id='word_1_14' title='bbox 1232 824 1298 900; x_wconf 91' lang='lat' dir='ltr'>hac</span> <span class='ocrx_word' id='word_1_15' title='bbox 1322 827 1470 929; x_wconf 79' lang='lat' dir='ltr'>hispani-</span> 
     </span>
    </p>
   </div>
   <div class='ocr_carea' id='block_1_3' title="bbox 535 940 1475 1781">
    <p class='ocr_par' dir='ltr' id='par_1_3' title="bbox 535 940 1475 1781">
     <span class='ocr_line' id='line_1_4' title="bbox 537 940 1469 1037; baseline 0.002 -14"><span class='ocrx_word' id='word_1_16' title='bbox 537 976 577 1024; x_wconf 88' lang='lat' dir='ltr'>ca</span> <span class='ocrx_word' id='word_1_17' title='bbox 601 947 783 1022; x_wconf 83' lang='lat' dir='ltr'>bibliorum</span> <span class='ocrx_word' id='word_1_18' title='bbox 806 947 982 1022; x_wconf 76' lang='lat' dir='ltr'>editione,</span> <span class='ocrx_word' id='word_1_19' title='bbox 1020 940 1143 1037; x_wconf 90' lang='lat' dir='ltr'>quibus</span> <span class='ocrx_word' id='word_1_20' title='bbox 1168 943 1236 1018; x_wconf 93' lang='lat' dir='ltr'>hoc</span> <span class='ocrx_word' id='word_1_21' title='bbox 1262 973 1379 1023; x_wconf 68' lang='lat' dir='ltr'>,unum</span> <span class='ocrx_word' id='word_1_22' title='bbox 1411 952 1469 1025; x_wconf 88' lang='lat' dir='ltr'>hic</span> 
     </span>
     <span class='ocr_line' id='line_1_5' title="bbox 536 1057 1468 1167; baseline 0.001 -22"><span class='ocrx_word' id='word_1_23' title='bbox 536 1075 659 1146; x_wconf 81' lang='lat' dir='ltr'><strong>addam</strong></span> <span class='ocrx_word' id='word_1_24' title='bbox 683 1069 821 1167; x_wconf 87' lang='lat' dir='ltr'>repetiti</span> <span class='ocrx_word' id='word_1_25' title='bbox 844 1068 947 1140; x_wconf 88' lang='lat' dir='ltr'>etiam</span> <span class='ocrx_word' id='word_1_26' title='bbox 973 1064 1131 1162; x_wconf 85' lang='lat' dir='ltr'>exempla</span> <span class='ocrx_word' id='word_1_27' title='bbox 1156 1057 1312 1142; x_wconf 85' lang='lat' dir='ltr'>caerulea</span> <span class='ocrx_word' id='word_1_28' title='bbox 1346 1071 1468 1146; x_wconf 86' lang='lat' dir='ltr'>charta</span> 
     </span>
     <span class='ocr_line' id='line_1_6' title="bbox 535 1185 1469 1291; baseline 0.004 -25"><span class='ocrx_word' id='word_1_29' title='bbox 535 1190 711 1291; x_wconf 89' lang='lat' dir='ltr'>impressa,</span> <span class='ocrx_word' id='word_1_30' title='bbox 734 1211 838 1288; x_wconf 86' lang='lat' dir='ltr'>atque</span> <span class='ocrx_word' id='word_1_31' title='bbox 863 1185 1022 1286; x_wconf 86' lang='lat' dir='ltr'>ejusmodi</span> <span class='ocrx_word' id='word_1_32' title='bbox 1038 1186 1104 1261; x_wconf 89' lang='lat' dir='ltr'>esse</span> <span class='ocrx_word' id='word_1_33' title='bbox 1125 1187 1360 1279; x_wconf 87' lang='lat' dir='ltr'>bononiense,</span> <span class='ocrx_word' id='word_1_34' title='bbox 1385 1194 1469 1272; x_wconf 91' lang='lat' dir='ltr'>olim</span> 
     </span>
     <span class='ocr_line' id='line_1_7' title="bbox 536 1305 1469 1410; baseline 0.005 -21"><span class='ocrx_word' id='word_1_35' title='bbox 536 1313 751 1410; x_wconf 82' lang='lat' dir='ltr'>jesuitarum,</span> <span class='ocrx_word' id='word_1_36' title='bbox 773 1310 888 1382; x_wconf 66' lang='lat' dir='ltr'>,modo</span> <span class='ocrx_word' id='word_1_37' title='bbox 913 1305 1169 1384; x_wconf 87' lang='lat' dir='ltr'>barnabitatum</span> <span class='ocrx_word' id='word_1_38' title='bbox 1194 1314 1230 1384; x_wconf 96' lang='lat' dir='ltr'>in</span> <span class='ocrx_word' id='word_1_39' title='bbox 1254 1313 1469 1393; x_wconf 83' lang='lat' dir='ltr'>Bibliotheca</span> 
     </span>
     <span class='ocr_line' id='line_1_8' title="bbox 536 1431 1468 1532; baseline 0.011 -24"><span class='ocrx_word' id='word_1_40' title='bbox 536 1438 581 1510; x_wconf 91' lang='lat' dir='ltr'>ad</span> <span class='ocrx_word' id='word_1_41' title='bbox 605 1434 768 1532; x_wconf 90' lang='lat' dir='ltr'>templum</span> <span class='ocrx_word' id='word_1_42' title='bbox 791 1433 892 1508; x_wconf 87' lang='lat' dir='ltr'>divae</span> <span class='ocrx_word' id='word_1_43' title='bbox 916 1431 1039 1504; x_wconf 88' lang='lat' dir='ltr'>Luciae</span> <span class='ocrx_word' id='word_1_44' title='bbox 1053 1433 1303 1517; x_wconf 66' lang='lat' dir='ltr'>,luculentum</span> <span class='ocrx_word' id='word_1_45' title='bbox 1328 1440 1403 1517; x_wconf 87' lang='lat' dir='ltr'>sane</span> <span class='ocrx_word' id='word_1_46' title='bbox 1426 1469 1468 1518; x_wconf 89' lang='lat' dir='ltr'>ac</span> 
     </span>
     <span class='ocr_line' id='line_1_9' title="bbox 536 1551 1475 1656; baseline 0.009 -26"><span class='ocrx_word' id='word_1_47' title='bbox 536 1554 799 1656; x_wconf 87' lang='lat' dir='ltr'>pulcherrimum</span> <span class='ocrx_word' id='word_1_48' title='bbox 822 1551 1012 1650; x_wconf 79' lang='lat' dir='ltr'>exemplat,</span> <span class='ocrx_word' id='word_1_49' title='bbox 1037 1555 1073 1627; x_wconf 91' lang='lat' dir='ltr'>in</span> <span class='ocrx_word' id='word_1_50' title='bbox 1099 1582 1170 1653; x_wconf 90' lang='lat' dir='ltr'>quo</span> <span class='ocrx_word' id='word_1_51' title='bbox 1195 1560 1339 1634; x_wconf 88' lang='lat' dir='ltr'>Levitici</span> <span class='ocrx_word' id='word_1_52' title='bbox 1363 1566 1475 1638; x_wconf 87' lang='lat' dir='ltr'>etiam</span> 
     </span>
     <span class='ocr_line' id='line_1_10' title="bbox 541 1671 1380 1781; baseline 0.006 -27"><span class='ocrx_word' id='word_1_53' title='bbox 541 1680 691 1768; x_wconf 85' lang='lat' dir='ltr'>lacuna,</span> <span class='ocrx_word' id='word_1_54' title='bbox 716 1675 875 1778; x_wconf 86' lang='lat' dir='ltr'>utsupra</span> <span class='ocrx_word' id='word_1_55' title='bbox 899 1677 1069 1766; x_wconf 75' lang='lat' dir='ltr'>diximus,</span> <span class='ocrx_word' id='word_1_56' title='bbox 1093 1671 1168 1754; x_wconf 89' lang='lat' dir='ltr'>non</span> <span class='ocrx_word' id='word_1_57' title='bbox 1192 1687 1380 1781; x_wconf 85' lang='lat' dir='ltr'>reperitur.</span> 
     </span>
    </p>
   </div>
   <div class='ocr_carea' id='block_1_4' title="bbox 778 1869 1233 1974">
    <p class='ocr_par' dir='ltr' id='par_1_4' title="bbox 778 1869 1233 1974">
     <span class='ocr_line' id='line_1_11' title="bbox 778 1869 1233 1974; baseline 0.002 -17"><span class='ocrx_word' id='word_1_58' title='bbox 778 1869 1076 1974; x_wconf 89' lang='lat' dir='ltr'>CAPUT</span> <span class='ocrx_word' id='word_1_59' title='bbox 1132 1869 1233 1958; x_wconf 75' lang='lat' dir='ltr'>vlt.</span> 
     </span>
    </p>
   </div>
   <div class='ocr_carea' id='block_1_5' title="bbox 514 1995 1466 2236">
    <p class='ocr_par' dir='ltr' id='par_1_5' title="bbox 514 1995 1466 2236">
     <span class='ocr_line' id='line_1_12' title="bbox 536 1995 1466 2104; baseline 0.003 -3"><span class='ocrx_word' id='word_1_60' title='bbox 536 2039 596 2101; x_wconf 80' lang='lat' dir='ltr'>ot</span> <span class='ocrx_word' id='word_1_61' title='bbox 610 2035 881 2100; x_wconf 79' lang='lat' dir='ltr'>totrroumos</span> <span class='ocrx_word' id='word_1_62' title='bbox 896 1995 1466 2104; x_wconf 62' lang='lat' dir='ltr'>narrato-mmsatmsnm</span> 
     </span>
     <span class='ocr_line' id='line_1_13' title="bbox 514 2140 1268 2236; baseline 0.003 -35"><span class='ocrx_word' id='word_1_63' title='bbox 514 2227 519 2236; x_wconf 92' lang='lat'><em>.</em></span> <span class='ocrx_word' id='word_1_64' title='bbox 636 2169 643 2182; x_wconf 88' lang='lat'><strong>·</strong></span> <span class='ocrx_word' id='word_1_65' title='bbox 730 2140 869 2203; x_wconf 79' lang='lat' dir='ltr'>rAtsts</span> <span class='ocrx_word' id='word_1_66' title='bbox 889 2140 944 2202; x_wconf 78' lang='lat' dir='ltr'>Ac</span> <span class='ocrx_word' id='word_1_67' title='bbox 961 2142 1268 2226; x_wconf 58' lang='lat' dir='ltr'>suppositum,</span> 
     </span>
    </p>
   </div>
   <div class='ocr_carea' id='block_1_6' title="bbox 448 2342 1512 2724">
    <p class='ocr_par' dir='ltr' id='par_1_6' title="bbox 448 2342 1512 2724">
     <span class='ocr_line' id='line_1_14' title="bbox 448 2342 1467 2474; baseline -0.006 -18"><span class='ocrx_word' id='word_1_68' title='bbox 448 2431 450 2436; x_wconf 94' lang='lat'>·</span> <span class='ocrx_word' id='word_1_69' title='bbox 539 2386 596 2456; x_wconf 52' lang='grc' dir='ltr'>ιθ</span> <span class='ocrx_word' id='word_1_70' title='bbox 621 2385 664 2456; x_wconf 87' lang='lat' dir='ltr'>R.</span> <span class='ocrx_word' id='word_1_71' title='bbox 678 2385 773 2456; x_wconf 68' lang='lat' dir='ltr'>Aban</span> <span class='ocrx_word' id='word_1_72' title='bbox 791 2380 892 2474; x_wconf 81' lang='lat' dir='ltr'>Esrat</span> <span class='ocrx_word' id='word_1_73' title='bbox 917 2379 1004 2448; x_wconf 85' lang='lat' dir='ltr'>Com.</span> <span class='ocrx_word' id='word_1_74' title='bbox 1029 2342 1066 2447; x_wconf 75' lang='lat' dir='ltr'>itt</span> <span class='ocrx_word' id='word_1_75' title='bbox 1091 2378 1219 2451; x_wconf 69' lang='lat' dir='ltr'>Pedani</span> <span class='ocrx_word' id='word_1_76' title='bbox 1245 2382 1373 2453; x_wconf 68' lang='lat' dir='ltr'>devorari</span> <span class='ocrx_word' id='word_1_77' title='bbox 1397 2406 1467 2452; x_wconf 86' lang='lat' dir='ltr'>tum</span> 
     </span>
     <span class='ocr_line' id='line_1_15' title="bbox 584 2498 1478 2610; baseline -0.004 -33"><span class='ocrx_word' id='word_1_78' title='bbox 584 2531 665 2577; x_wconf 86' lang='lat' dir='ltr'>tom.</span> <span class='ocrx_word' id='word_1_79' title='bbox 697 2507 795 2576; x_wconf 79' lang='lat' dir='ltr'>Eliae</span> <span class='ocrx_word' id='word_1_80' title='bbox 820 2503 947 2574; x_wconf 76' lang='lat' dir='ltr'>Levitae</span> <span class='ocrx_word' id='word_1_81' title='bbox 974 2498 1053 2591; x_wconf 83' lang='lat' dir='ltr'>in-4</span> <span class='ocrx_word' id='word_1_82' title='bbox 1076 2499 1238 2575; x_wconf 78' lang='lat' dir='ltr'>Ferrariae</span> <span class='ocrx_word' id='word_1_83' title='bbox 1273 2529 1362 2574; x_wconf 82' lang='lat' dir='ltr'>auno</span> <span class='ocrx_word' id='word_1_84' title='bbox 1387 2502 1478 2610; x_wconf 57' lang='lat'>²⁶72</span> 
     </span>
     <span class='ocr_line' id='line_1_16' title="bbox 583 2624 1512 2724; baseline -0.003 -25"><span class='ocrx_word' id='word_1_85' title='bbox 583 2632 663 2702; x_wconf 82' lang='lat' dir='ltr'>mitt.</span> <span class='ocrx_word' id='word_1_86' title='bbox 680 2632 761 2724; x_wconf 84' lang='lat' dir='ltr'>jud.</span> <span class='ocrx_word' id='word_1_87' title='bbox 785 2654 904 2723; x_wconf 61' lang='lat' dir='ltr'>supp„</span> <span class='ocrx_word' id='word_1_88' title='bbox 931 2624 1040 2722; x_wconf 72' lang='lat' dir='ltr'>Christi</span> <span class='ocrx_word' id='word_1_89' title='bbox 1067 2627 1183 2720; x_wconf 74' lang='lat'><em>1507.</em></span> <span class='ocrx_word' id='word_1_90' title='bbox 1509 2626 1512 2630; x_wconf 73' lang='grc'><strong>’</strong></span> 
     </span>
    </p>
   </div>
   <div class='ocr_carea' id='block_1_7' title="bbox 419 2757 1486 4140">
    <p class='ocr_par' dir='ltr' id='par_1_7' title="bbox 419 2757 1486 4140">
     <span class='ocr_line' id='line_1_17' title="bbox 533 2757 1465 2917; baseline 0.003 -30"><span class='ocrx_word' id='word_1_91' title='bbox 533 2757 762 2902; x_wconf 75' lang='lat' dir='ltr'>Scabtaeus,</span> <span class='ocrx_word' id='word_1_92' title='bbox 796 2807 925 2917; x_wconf 88' lang='lat' dir='ltr'>quiin</span> <span class='ocrx_word' id='word_1_93' title='bbox 961 2815 1066 2893; x_wconf 73' lang='lat' dir='ltr'>Sciste</span> <span class='ocrx_word' id='word_1_94' title='bbox 1099 2813 1253 2912; x_wconf 86' lang='lat' dir='ltr'>jescenim</span> <span class='ocrx_word' id='word_1_95' title='bbox 1276 2816 1374 2892; x_wconf 84' lang='lat' dir='ltr'>hanc.</span> <span class='ocrx_word' id='word_1_96' title='bbox 1394 2819 1465 2892; x_wconf 87' lang='lat' dir='ltr'>edi-</span> 
     </span>
     <span class='ocr_line' id='line_1_18' title="bbox 533 2939 1486 3032; baseline 0.001 -17"><span class='ocrx_word' id='word_1_97' title='bbox 533 2943 662 3016; x_wconf 84' lang='lat' dir='ltr'>tionem</span> <span class='ocrx_word' id='word_1_98' title='bbox 686 2939 810 3030; x_wconf 87' lang='lat' dir='ltr'>refert,</span> <span class='ocrx_word' id='word_1_99' title='bbox 848 2940 1019 3017; x_wconf 90' lang='lat' dir='ltr'>Pisaurum</span> <span class='ocrx_word' id='word_1_100' title='bbox 1044 2967 1121 3016; x_wconf 88' lang='lat' dir='ltr'>cunt</span> <span class='ocrx_word' id='word_1_101' title='bbox 1156 2943 1313 3016; x_wconf 78' lang='lat' dir='ltr'>Ferraria</span> <span class='ocrx_word' id='word_1_102' title='bbox 1338 2943 1486 3032; x_wconf 44' lang='lat' dir='ltr'>confu-w</span> 
     </span>
     <span class='ocr_line' id='line_1_19' title="bbox 533 3061 1482 3164; baseline -0.004 -26"><span class='ocrx_word' id='word_1_103' title='bbox 533 3067 604 3138; x_wconf 89' lang='lat' dir='ltr'>dit.</span> <span class='ocrx_word' id='word_1_104' title='bbox 639 3065 715 3139; x_wconf 89' lang='lat' dir='ltr'>Hoc</span> <span class='ocrx_word' id='word_1_105' title='bbox 740 3070 830 3142; x_wconf 89' lang='lat' dir='ltr'>enim</span> <span class='ocrx_word' id='word_1_106' title='bbox 856 3088 950 3140; x_wconf 91' lang='lat' dir='ltr'>anno</span> <span class='ocrx_word' id='word_1_107' title='bbox 983 3065 1108 3162; x_wconf 89' lang='lat' dir='ltr'>prodiit</span> <span class='ocrx_word' id='word_1_108' title='bbox 1133 3061 1217 3136; x_wconf 90' lang='lat' dir='ltr'>illud</span> <span class='ocrx_word' id='word_1_109' title='bbox 1242 3088 1328 3162; x_wconf 87' lang='lat' dir='ltr'>opus</span> <span class='ocrx_word' id='word_1_110' title='bbox 1352 3079 1482 3164; x_wconf 83' lang='lat' dir='ltr'>gram-&#39;</span> 
     </span>
     <span class='ocr_line' id='line_1_20' title="bbox 531 3184 1464 3285; baseline 0 -27"><span class='ocrx_word' id='word_1_111' title='bbox 531 3190 690 3261; x_wconf 89' lang='lat' dir='ltr'>maticum</span> <span class='ocrx_word' id='word_1_112' title='bbox 726 3209 803 3262; x_wconf 91' lang='lat' dir='ltr'>cum</span> <span class='ocrx_word' id='word_1_113' title='bbox 837 3189 980 3262; x_wconf 86' lang='lat' dir='ltr'>Levitae</span> <span class='ocrx_word' id='word_1_114' title='bbox 1015 3184 1160 3260; x_wconf 85' lang='lat' dir='ltr'>Schosiis</span> <span class='ocrx_word' id='word_1_115' title='bbox 1207 3189 1299 3285; x_wconf 91' lang='lat' dir='ltr'>apud</span> <span class='ocrx_word' id='word_1_116' title='bbox 1338 3184 1464 3259; x_wconf 90' lang='lat' dir='ltr'>Mosem</span> 
     </span>
     <span class='ocr_line' id='line_1_21' title="bbox 532 3304 1464 3399; baseline -0.004 -16"><span class='ocrx_word' id='word_1_117' title='bbox 532 3311 623 3385; x_wconf 88' lang='lat' dir='ltr'>aben</span> <span class='ocrx_word' id='word_1_118' title='bbox 640 3313 798 3388; x_wconf 84' lang='lat' dir='ltr'>Chaviv.</span> <span class='ocrx_word' id='word_1_119' title='bbox 813 3305 1018 3386; x_wconf 88' lang='lat' dir='ltr'>Consulatur</span> <span class='ocrx_word' id='word_1_120' title='bbox 1034 3307 1267 3399; x_wconf 84' lang='lat' dir='ltr'>Bartoloccius</span> <span class='ocrx_word' id='word_1_121' title='bbox 1278 3361 1288 3395; x_wconf 93' lang='lat'>,</span> <span class='ocrx_word' id='word_1_122' title='bbox 1301 3317 1344 3380; x_wconf 82' lang='lat' dir='ltr'>&#39;ac</span> <span class='ocrx_word' id='word_1_123' title='bbox 1361 3304 1464 3380; x_wconf 82' lang='lat' dir='ltr'>Woi·</span> 
     </span>
     <span class='ocr_line' id='line_1_22' title="bbox 507 3431 1471 3537; baseline -0.007 -29"><span class='ocrx_word' id='word_1_124' title='bbox 507 3431 596 3508; x_wconf 80' lang='lat' dir='ltr'>&#39;sius</span> <span class='ocrx_word' id='word_1_125' title='bbox 621 3438 657 3508; x_wconf 91' lang='lat' dir='ltr'>B.</span> <span class='ocrx_word' id='word_1_126' title='bbox 683 3437 729 3522; x_wconf 76' lang='lat' dir='ltr'>H,</span> <span class='ocrx_word' id='word_1_127' title='bbox 753 3438 797 3508; x_wconf 87' lang='lat' dir='ltr'>T.</span> <span class='ocrx_word' id='word_1_128' title='bbox 821 3439 837 3508; x_wconf 91' lang='lat'>1</span> <span class='ocrx_word' id='word_1_129' title='bbox 862 3461 939 3537; x_wconf 82' lang='lat' dir='ltr'>pag.</span> <span class='ocrx_word' id='word_1_130' title='bbox 969 3454 1058 3532; x_wconf 78' lang='lat'>159,</span> <span class='ocrx_word' id='word_1_131' title='bbox 1094 3433 1153 3528; x_wconf 87' lang='lat' dir='ltr'>qui</span> <span class='ocrx_word' id='word_1_132' title='bbox 1178 3431 1349 3504; x_wconf 87' lang='lat' dir='ltr'>Scabtaeo</span> <span class='ocrx_word' id='word_1_133' title='bbox 1385 3433 1471 3502; x_wconf 85' lang='lat' dir='ltr'>Bar·&#39;</span> 
     </span>
     <span class='ocr_line' id='line_1_23' title="bbox 532 3549 1464 3654; baseline -0.003 -28"><span class='ocrx_word' id='word_1_134' title='bbox 532 3553 714 3627; x_wconf 88' lang='lat' dir='ltr'>toloccium</span> <span class='ocrx_word' id='word_1_135' title='bbox 732 3557 930 3654; x_wconf 87' lang='lat' dir='ltr'>anteponit,</span> <span class='ocrx_word' id='word_1_136' title='bbox 956 3580 996 3628; x_wconf 88' lang='lat' dir='ltr'>ae</span> <span class='ocrx_word' id='word_1_137' title='bbox 1021 3549 1255 3628; x_wconf 87' lang='lat' dir='ltr'>ferrariensem</span> <span class='ocrx_word' id='word_1_138' title='bbox 1276 3555 1464 3627; x_wconf 87' lang='lat' dir='ltr'>editionem</span> 
     </span>
     <span class='ocr_line' id='line_1_24' title="bbox 532 3671 1463 3750; baseline -0.002 -4"><span class='ocrx_word' id='word_1_139' title='bbox 532 3675 569 3746; x_wconf 88' lang='lat' dir='ltr'>in</span> <span class='ocrx_word' id='word_1_140' title='bbox 593 3673 732 3746; x_wconf 87' lang='lat' dir='ltr'>dubium</span> <span class='ocrx_word' id='word_1_141' title='bbox 768 3699 928 3750; x_wconf 82' lang='lat' dir='ltr'>revocat.</span> <span class='ocrx_word' id='word_1_142' title='bbox 963 3675 1031 3750; x_wconf 90' lang='lat' dir='ltr'>Sed</span> <span class='ocrx_word' id='word_1_143' title='bbox 1063 3671 1111 3746; x_wconf 90' lang='lat' dir='ltr'>sui</span> <span class='ocrx_word' id='word_1_144' title='bbox 1145 3673 1273 3747; x_wconf 88' lang='lat' dir='ltr'>oblitus</span> <span class='ocrx_word' id='word_1_145' title='bbox 1315 3672 1463 3746; x_wconf 86' lang='lat' dir='ltr'>Wolfius</span> 
     </span>
     <span class='ocr_line' id='line_1_25' title="bbox 454 3789 1462 3895; baseline -0.001 -27"><span class='ocrx_word' id='word_1_146' title='bbox 454 3832 456 3837; x_wconf 34' lang='lat' dir='ltr'>v</span> <span class='ocrx_word' id='word_1_147' title='bbox 533 3797 577 3868; x_wconf 91' lang='lat' dir='ltr'>T.</span> <span class='ocrx_word' id='word_1_148' title='bbox 589 3789 621 3866; x_wconf 86' lang='lat' dir='ltr'>II</span> <span class='ocrx_word' id='word_1_149' title='bbox 635 3822 668 3892; x_wconf 88' lang='lat' dir='ltr'>p.</span> <span class='ocrx_word' id='word_1_150' title='bbox 690 3823 775 3892; x_wconf 85' lang='lat'>1413</span> <span class='ocrx_word' id='word_1_151' title='bbox 797 3823 871 3870; x_wconf 83' lang='lat' dir='ltr'>eam</span> <span class='ocrx_word' id='word_1_152' title='bbox 889 3820 1003 3895; x_wconf 88' lang='lat' dir='ltr'>aperte</span> <span class='ocrx_word' id='word_1_153' title='bbox 1019 3793 1215 3882; x_wconf 86' lang='lat' dir='ltr'>confirmat,</span> <span class='ocrx_word' id='word_1_154' title='bbox 1241 3820 1281 3868; x_wconf 90' lang='lat' dir='ltr'>ac</span> <span class='ocrx_word' id='word_1_155' title='bbox 1304 3795 1462 3869; x_wconf 86' lang='lat' dir='ltr'>Scabtaei</span> 
     </span>
     <span class='ocr_line' id='line_1_26' title="bbox 419 3901 1462 4016; baseline -0.005 -22"><span class='ocrx_word' id='word_1_156' title='bbox 419 3921 422 3926; x_wconf 78' lang='grc'><strong>’</strong></span> <span class='ocrx_word' id='word_1_157' title='bbox 528 3918 831 3994; x_wconf 88' lang='lat' dir='ltr'>hallucinationem</span> <span class='ocrx_word' id='word_1_158' title='bbox 855 3918 1026 4016; x_wconf 84' lang='lat' dir='ltr'>sequitur.</span> <span class='ocrx_word' id='word_1_159' title='bbox 1055 3901 1103 3990; x_wconf 75' lang='lat' dir='ltr'>sn</span> <span class='ocrx_word' id='word_1_160' title='bbox 1127 3943 1170 3993; x_wconf 90' lang='lat' dir='ltr'>eo</span> <span class='ocrx_word' id='word_1_161' title='bbox 1195 3901 1296 3993; x_wconf 89' lang='lat' dir='ltr'>etiam</span> <span class='ocrx_word' id='word_1_162' title='bbox 1322 3918 1462 3996; x_wconf 87' lang='lat' dir='ltr'>halluci-</span> 
     </span>
     <span class='ocr_line' id='line_1_27' title="bbox 528 4037 1459 4140; baseline -0.006 -24"><span class='ocrx_word' id='word_1_163' title='bbox 528 4067 649 4129; x_wconf 87' lang='lat' dir='ltr'>natur,</span> <span class='ocrx_word' id='word_1_164' title='bbox 674 4041 769 4140; x_wconf 90' lang='lat' dir='ltr'>quod</span> <span class='ocrx_word' id='word_1_165' title='bbox 793 4041 986 4137; x_wconf 88' lang='lat' dir='ltr'>primariam</span> <span class='ocrx_word' id='word_1_166' title='bbox 1002 4037 1149 4112; x_wconf 86' lang='lat' dir='ltr'>nostram</span> <span class='ocrx_word' id='word_1_167' title='bbox 1167 4039 1256 4113; x_wconf 90' lang='lat' dir='ltr'>hanc</span> <span class='ocrx_word' id='word_1_168' title='bbox 1272 4041 1459 4113; x_wconf 90' lang='lat' dir='ltr'>editionem</span> 
     </span>
    </p>
   </div>
   <div class='ocr_carea' id='block_1_8' title="bbox 0 0 1706 5208">
    <p class='ocr_par' dir='ltr' id='par_1_8' title="bbox 0 0 1706 5208">
     <span class='ocr_line' id='line_1_28' title="bbox 0 0 1706 5208; baseline 0 2"><span class='ocrx_word' id='word_1_169' title='bbox 0 0 1706 5208; x_wconf 95' lang='lat' dir='ltr'> </span> 
     </span>
    </p>
   </div>
  </div>
 </body>
</html>
