3428 5180
539 743 654 844 plures
679 742 759 817 libri
784 741 959 832 hebraici,
985 740 1169 841 hispanici,
1193 741 1359 835 lusitanici
1383 767 1469 841 pro-

539 871 701 952 dierunt,
726 891 812 964 quos
836 866 966 943 seorsim
994 863 1249 941 describemus.
1282 867 1376 938 lnter
1409 890 1469 940 eos

539 985 754 1087 insigniorem
797 990 910 1063 locum
944 1010 1115 1089 occupant
1150 989 1262 1062 biblia
1296 986 1468 1085 hispanica

537 1132 630 1182 anno
671 1133 758 1209 1553
787 1112 830 1185 ab
858 1134 900 1188 eo
924 1117 1043 1199 edita,
1068 1136 1107 1183 ac
1131 1114 1268 1184 maximi
1292 1110 1467 1204 hucusque

537 1251 611 1304 tum
636 1258 656 1304 a
679 1237 834 1330 judaeis,
862 1259 972 1310 tuma
999 1234 1183 1308 christianis
1208 1232 1352 1318 habita,
1376 1255 1466 1328 quae
1509 1244 1516 1258 '

530 1352 679 1429 ¹editoris
704 1373 831 1431 nometi
856 1362 899 1451 ad
923 1361 1103 1432 maximam
1117 1355 1324 1429 celebritatis
1341 1351 1466 1424 samam

540 1455 758 1552 evexerunt.
784 1482 1035 1583 Typographus
1060 1482 1088 1552 is
1113 1477 1206 1566 suit,
1234 1502 1307 1551 nen
1331 1477 1467 1559 audior,

540 1624 579 1672 ac
604 1628 784 1700 perperam
808 1604 898 1702 ipsi,¹
913 1628 951 1678 ut
975 1602 1186 1688 videbimus,
1201 1601 1322 1674 horum
1339 1597 1468 1672 Biblio-

536 1747 611 1794 rum
637 1723 823 1796 versionem
839 1726 1046 1822 Lelongius-,
1074 1727 1264 1810 Simonius,
1288 1721 1468 1796 Bartoloc-

534 1846 632 1927 cius,
657 1844 876 1926 Advocatus,
900 1842 1025 1937 aliique
1050 1842 1232 1927 tribuunt,
1257 1842 1314 1914 etsi
1339 1843 1466 1914 doctri-

534 1986 580 2032 na
605 1985 644 2031 ac
668 1965 796 2056 judicio
821 1987 893 2035 non
925 1963 1005 2035 ellet
1029 1957 1232 2044 destitutus,
1266 1987 1306 2035 ac
1337 1959 1465 2035 verosi-
1540 1957 1543 1962 ’

535 2081 616 2154 mile
651 2081 690 2156 sit
729 2087 832 2158 etiam
867 2107 1000 2183 partein
1032 2083 1178 2179 aliquam
1202 2087 1239 2156 in
1263 2081 1499 2182 corrigenda*

531 2205 669 2294 saltem,
693 2208 751 2282 vel
786 2213 970 2311 digerenda
1007 2204 1159 2280 versione
1196 2207 1254 2279 illa
1289 2201 1463 2277 habuisse.
1573 2270 1575 2272 ,

501 2393 504 2406 ,
532 2326 716 2426 Perperam
741 2334 844 2404 etiam
869 2330 1018 2405 Wolfius
1042 2333 1075 2404 ei
1098 2330 1220 2403 tribuit
1252 2328 1463 2402 lusitanicum
1661 2317 1665 2324 ¹

531 2452 739 2548 judaicarum
756 2479 895 2552 precum
913 2453 1162 2552 Compendium
1179 2453 1222 2526 ab
1247 2477 1289 2526 eo
1315 2453 1464 2536 editum3

528 2597 708 2670 perperam
741 2578 905 2654 Aboabus
939 2579 1066 2676 aliique
1101 2577 1241 2650 librum
1259 2578 1301 2649 de
1335 2573 1462 2648 isra'e'lis

528 2691 792 2784 Consolatione,
821 2680 881 2795 qui
905 2725 978 2775 non
1001 2699 1127 2784 nostri,
1151 2721 1190 2772 ut
1213 2701 1380 2780 diximus,
1404 2695 1462 2770 sed

531 2814 697 2897 Samuelis
722 2817 789 2890 est.
820 2821 991 2918 Singulari
1014 2819 1071 2891 hic
1092 2819 1325 2920 typographus
1360 2819 1477 2910 stem-z,

493 2991 496 2996 -
530 2956 621 3010 mate
646 2936 830 3024 utebatur,
855 2944 949 3038 quod
973 2945 1075 3014 modo
1098 2938 1159 3014 sub
1183 2943 1369 3014 editionum
1393 2943 1461 3015 ini-

412 3114 415 3119 ·
529 3062 637 3148 tium,
662 3064 765 3134 modo
788 3060 848 3136 sub
873 3053 1003 3148 linem,
1025 3059 1123 3160 saepe
1147 3062 1331 3158 utrobique
1356 3089 1461 3162 repe·
1504 3077 1513 3086 “’

523 3187 618 3258 ritur
643 3184 856 3282 impressum.
892 3185 980 3260 Illud
996 3191 1108 3284 'porro
1132 3189 1168 3259 in
1199 3183 1339 3285 sphaera
1373 3213 1460 3286 qua-

529 3308 606 3380 dani
633 3308 795 3383 armillari
819 3308 915 3382 situm
940 3307 1008 3395 est,
1032 3333 1120 3406 quae
1143 3309 1235 3382 hunc
1258 3310 1458 3385 versiculum
1519 3320 1524 3326 ’

487 3509 488 3514 ,
528 3455 548 3502 e
572 3429 702 3504 Psalmo
729 3455 832 3508 cxxx
866 3459 890 3532 5·
912 3432 1121 3533 desumptum
1147 3433 1286 3508 exhibet
1311 3438 1469 3508 circum

508 3551 708 3652 ¹volutum,
744 3549 900 3624 ’tibnrnrr
932 3557 1056 3624 turibii
1093 3569 1168 3623 ’usi
1203 3571 1284 3644 rii-,ip
1316 3569 1341 3601 ’ν
1373 3570 1456 3641 ’nup

526 3673 706 3763 Expcc'lavi
717 3703 733 3759 ;
764 3679 946 3749 Dominum
973 3680 1145 3771 cxpedlaui't
1168 3681 1279 3750 anima
1304 3705 1398 3764 mea,
1423 3675 1457 3749 G·

525 3790 562 3858 in
586 3795 677 3860 verbo
701 3796 772 3884 ejus
789 3799 936 3888 speravi.
960 3799 1053 3871 lnsra
1075 3823 1160 3872 vero
1184 3798 1294 3872 binae.
1320 3800 1454 3872 litterae

526 3911 570 3982 A.
594 3911 638 3984 V.
662 3914 834 4011 impressae
859 3917 1131 4016 conspiciuntur,
1169 3945 1257 4016 quae
1288 3907 1468 3994 ciariffimi.

524 4034 624 4132 ipsius
648 4038 853 4138 typographi
879 4065 1006 4114 nomen
1023 4065 1268 4144 accognomen
1284 4047 1455 4116 innuunt.
