3428 5180
575 539 596 592 2

570 649 618 720 At
642 643 722 718 felix
747 664 890 720 eventus
914 641 1139 747 graviffimum
1164 663 1316 714 errorem
1351 644 1500 716 ademit.

569 766 705 840 Etenim
733 792 839 863 quum
863 766 971 839 multa
994 768 1146 851 Romae,
1181 787 1394 862 romanoque
1419 788 1498 838 meo

570 868 1015 990 itineriinvestigandarum
1053 887 1352 984 antiquiffimarum
1383 889 1500 961 editio

570 1033 674 1096 uum,
700 1035 739 1082 ac
764 1009 834 1086 mss.
855 1013 1010 1084 codicum
1036 1010 1145 1084 cauffa
1161 1009 1315 1109 suscepto
1331 1012 1499 1098 debeam,

569 1153 643 1203 tum
667 1129 733 1205 hoc
757 1131 981 1230 potiffimum,
996 1135 1099 1230 quod
1122 1136 1269 1230 primum
1295 1132 1500 1207 dodiiffimo-

543 1281 645 1328 rum
677 1259 828 1329 virorum
866 1255 1045 1330 Audifredi
1082 1279 1121 1326 ac
1145 1254 1297 1353 Fabricy
1321 1279 1427 1352 opera
1462 1259 1500 1327 in

526 1405 529 1414 ·
570 1377 774 1466 casanatensi
788 1379 1002 1454 Bibliotheca
1015 1374 1243 1476 inspexerim,
1266 1367 1388 1451 deinde
1413 1399 1500 1450 vero

568 1502 771 1600 acquisierim
787 1503 888 1576 binos
903 1508 1037 1602 priores
1061 1502 1198 1574 ordines
1222 1501 1376 1574 rabbdnu
1400 1497 1500 1572 Ascdr

570 1621 743 1720 hucusque
768 1613 978 1725 incognitos,
1003 1625 1148 1697 alterum
1174 1624 1339 1697 Mantuae
1365 1623 1408 1696 ab
1433 1621 1501 1694 Ab·

567 1743 708 1815 rahamo
738 1743 899 1814 Conatho
934 1769 1026 1835 anno
1055 1752 1144 1834 1476
1169 1743 1229 1818 sub
1254 1745 1357 1816 finem
1382 1744 1499 1817 mensls

567 1867 668 1949 maii,
694 1861 838 1934 alterum
863 1885 947 1933 vero
982 1863 1156 1935 Ferrariae
1179 1861 1252 1935 ‘sub
1288 1863 1391 1937 finem
1427 1868 1500 1962 julii

565 1983 687 2054 eadem
712 1980 852 2078 forma,
885 1983 1006 2055 eodem
1041 1984 1179 2056 chartae
1213 2008 1363 2084 genere,
1384 1983 1498 2058 iisdem

566 2103 624 2177 vel
646 2101 764 2187 saltem
807 2104 987 2180 simillimis
1005 2109 1119 2206 typis,
1155 2103 1280 2203 absque
1305 2131 1419 2194 anuo,
1441 2104 1498 2180 sed

568 2228 717 2313 eodem,
758 2249 796 2302 ut
821 2231 964 2326 opinor,
997 2252 1090 2302 anno
1118 2227 1166 2300 ab
1194 2227 1393 2302 Abrahamo
1427 2227 1498 2302 ben

562 2339 701 2448 'Ch'aiim
726 2349 937 2448 impressum.
970 2355 1100 2426 Eodem
1126 2371 1240 2424 autem
1264 2375 1357 2424 anno
1381 2341 1520 2424 Ferra-¹

480 2469 485 2482 '
564 2473 635 2542 riae
660 2470 881 2568 posteriorem
905 2476 997 2546 hunc
1022 2475 1178 2546 ordinem
1210 2463 1399 2572 impress'um
1424 2469 1497 2546 suis·
1562 2531 1563 2534 ,

568 2587 602 2663 se
626 2593 735 2666 multa
758 2592 839 2668 sunt'
858 2621 947 2692 quae
972 2595 1130 2670 suadent.
1152 2597 1239 2690 Quis
1262 2593 1340 2670 sane
1363 2595 1497 2694 longio-

567 2713 596 2782 ri
615 2733 735 2789 aetate
759 2716 969 2806 divqllendos
993 2737 1091 2812 putet
1115 2717 1216 2789 binos
1240 2716 1385 2812 ejusdem
1410 2742 1509 2814 ope·-w

564 2833 636 2915 ris,
655 2831 801 2927 ejusdem
826 2839 987 2910 editionis
1011 2837 1139 2922 libros,
1155 2841 1215 2932 qui
1239 2835 1300 2910 fibi
1325 2841 1496 2912 immedia»
1713 2912 1714 2927 ,

566 2971 601 3022 te
626 2948 879 3027 succedebant?
916 2957 969 3028 Ita
992 2959 1084 3028 enim
1109 2961 1134 3030 ii
1158 2961 1195 3030 in
1219 2959 1378 3032 omnibus
1411 2985 1515 3032 com·-
1604 2964 1606 2966 ’
1713 2944 1714 2949 ¹

564 3095 716 3172 gruunt,
742 3099 782 3148 ac
807 3073 1018 3152 conveniunt
1043 3080 1134 3152 inter
1156 3077 1209 3168 se,
1231 3099 1270 3152 ut
1295 3077 1426 3154 nonnisi
1452 3082 1495 3154 ad

564 3221 669 3270 unam
694 3199 906 3296 eandemque
929 3185 1118 3273 editionem
1147 3203 1367 3300 pertineant,
1389 3202 1495 3276 Mam

544 3337 553 3358 ’·
563 3341 643 3393 tuae
669 3343 851 3421 coeptam,
886 3315 1061 3396 Ferrariae
1095 3327 1361 3412 continuatam
1399 3327 1493 3422 quod

563 3441 731 3518 testantur
747 3450 851 3521 etiam
868 3467 1040 3544 quotquot
1065 3469 1214 3552 aetatem
1238 3446 1355 3538 ferunt
1383 3473 1494 3522 exem·
1575 3449 1578 3454 ’

566 3565 695 3661 plaria,
721 3589 809 3664 quae
834 3570 911 3644 illos
935 3562 1029 3642 simul
1053 3595 1255 3656 connexos,
1281 3596 1330 3646 'ac
1355 3595 1493 3669 compa·
1609 3635 1610 3638 ,

496 3699 499 3705 ’
563 3687 636 3758 dios
660 3687 851 3790 exhibent.
883 3692 1078 3774 Secundum
1115 3675 1219 3794 igitur
1240 3697 1395 3768 ordinem
1420 3717 1492 3767 non

564 3803 666 3906 longe
691 3809 765 3906 post
788 3815 891 3908 primi
915 3814 1228 3912 complementum,
1261 3838 1300 3890 ut
1324 3815 1393 3915 ipsa
1418 3819 1492 3892 edi·

560 3927 667 4018 tionis
691 3933 779 4003 ratio
802 3933 1016 4030 postulabat,
1055 3940 1164 4020 edidit
1200 3936 1491 4040 ferrariensis-ty·
1527 3991 1529 3994 -
