3404 5208
1128 616 1176 692 91

261 717 424 790 damensts
447 719 483 790 in
508 717 722 794 Praefatione
746 721 920 823 ²d.¹3ib¹³²¹
935 726 1181 819 judaeo-teuto-

261 843 337 912 nica
360 844 441 912 anni
469 849 581 936 1627,
606 847 665 938 qui
690 865 804 918 tamen
829 851 977 944 turpiter
996 847 1183 920 hallucina-

260 985 337 1044 tur,
362 965 442 1035 dunt
467 987 512 1036 ex
536 963 669 1037 nostrae
695 968 853 1040 editionis
878 968 978 1040 titulo
1008 970 1096 1042 male
1129 972 1183 1042 in-

259 1083 396 1156 tellecio
422 1107 558 1158 centum
584 1083 791 1160 ferrariensis
824 1113 1016 1191 synagogae
1045 1093 1184 1186 capien-

258 1227 310 1280 tes
334 1205 444 1279 Biblia
468 1207 552 1282 haec
576 1207 712 1284 vertisse
738 1205 963 1306 conscripsit.
996 1209 1067 1307 lpse
1093 1214 1182 1284 enirn

259 1353 331 1401 non
350 1357 412 1423 por
434 1359 537 1424 muy,
562 1329 620 1406 sed
640 1360 702 1425 por
725 1335 826 1403 meotst
851 1340 1022 1402 excelentes
1046 1339 1184 1404 tetradus

256 1448 595 1526 oscitantervidetur
619 1453 749 1555 legisse,
773 1474 832 1524 aut
858 1457 1026 1527 incertum
1064 1453 1184 1526 dosio·

172 1599 174 1604 ’
257 1599 332 1648 rum
354 1575 529 1650 hominurn
554 1601 732 1650 numerum
756 1579 800 1647 ad
825 1597 957 1656 certum
973 1599 1120 1671 eumque
1135 1579 1185 1648 in-

258 1697 453 1770 credibilem
495 1721 693 1800 arroganter
728 1695 951 1770 transtulisse.
986 1696 1185 1782 Knochius,

257 1817 380 1914 aliique
407 1822 493 1894 duos
517 1840 650 1893 tantum
667 1819 760 1896 fuisse
783 1823 987 1921 interpretes
1014 1819 1186 1901 statuunt,

142 2029 145 2033 Ι
256 1939 413 2012 videlicet
450 1943 538 2012 Yom
573 1942 652 2040 Tob
698 1946 849 2027 Atiam,
878 1945 918 2017 &
953 1942 1183 2015 Abrahamum

256 2060 396 2159 Usque,
421 2066 480 2161 qui
509 2087 596 2165 opus
620 2061 942 2167 ipsum-ferrariensi
967 2061 1045 2140 suae
1071 2068 1186 2138 natio-

256 2187 307 2256 nis
331 2187 512 2261 Matronae
538 2209 799 2288 nuncuparunt.
836 2189 904 2266 Alii
928 2212 1037 2275 vero,
1068 2209 1107 2262 ut
1131 2188 1185 2258 Si-

256 2306 417 2390 tnoniuS,
450 2305 484 2376 le
519 2307 700 2403 Longius,
730 2307 992 2391 Bartoloccius,
1025 2309 1185 2380 Advoca-

257 2447 332 2511 tus,
355 2423 422 2498 soli·
445 2426 639 2516 Abrahamo
664 2423 776 2522 Usque
801 2424 1023 2509 adscribunt,
1057 2428 1112 2496 cui
1138 2448 1186 2500 ta·

256 2572 334 2622 men
358 2547 498 2647 gloriam
522 2548 611 2622 hanc
645 2549 814 2625 vindicari
846 2569 917 2618 non
947 2544 1040 2644 posse
1070 2543 1185 2616 obser-

257 2690 318 2742 vat
342 2666 490 2745 Wolfius
516 2667 604 2743 Bibl.
627 2665 708 2744 heb.
732 2669 776 2740 T.
803 2691 830 2740 1.
855 2691 889 2767 p.
916 2691 956 2762 31
984 2661 1077 2762 seq),
1108 2691 1185 2738 cutn

257 2791 293 2861 in
317 2787 519 2888 epygraphe
545 2787 614 2891 ipsa
628 2822 631 2827 ’
639 2791 849 2890 judaicorum
867 2789 1107 2886 exemplarium
1132 2790 1185 2862 Bi·

214 2903 215 2906 '
254 2910 327 2986 blia
350 2913 436 2986 haec
460 2937 565 3012 opera
589 2913 724 3012 quidem
751 2913 927 2990 &studio
953 2910 1068 3011 Usque
1101 2914 1184 2987 Fer-
1257 3004 1259 3008 ι

255 3041 366 3110 ratiae
391 3036 513 3110 excusa
543 3039 727 3124 dicantur,
759 3033 816 3110 sed
851 3061 915 3133 pet
942 3034 1183 3133 veruditissimos

255 3161 350 3232 viros
374 3183 420 3232 et
445 3157 595 3232 hebraeo
618 3156 789 3258 hispanice
814 3156 1007 3230 translata.
1043 3157 1079 3228 Si
1103 3178 1183 3254 ergo
1261 3188 1263 3192 ·

256 3281 441 3380 epygraphi
462 3283 669 3355 credendum
682 3281 752 3366 est,
775 3275 1007 3378 typographus
1024 3274 1080 3347 ille
1094 3273 1182 3362 suit,

255 3427 329 3475 non
354 3403 492 3476 auctor.
517 3405 586 3476 Sed
609 3403 631 3475 st
655 3405 731 3500 quis
755 3422 878 3499 urgeat
901 3399 968 3473 hoc
992 3394 1095 3496 ipsum
1121 3398 1184 3470 stu·

257 3526 348 3596 dium
373 3521 468 3594 illum
492 3521 686 3610 contulisse,
721 3525 814 3620 quod
852 3519 999 3594 vetustas
1025 3515 1183 3604 schedas,

224 3750 226 3756 Ι
256 3667 295 3719 ut
319 3647 494 3732 Sintonius¹
527 3643 602 3718 vult
636 3643 721 3736 (a),
745 3666 848 3740 atque
882 3637 1099 3738 hispanorum
1127 3641 1182 3734 ju-

256 3772 419 3844 daeorum
441 3767 560 3870 glossas
583 3771 697 3866 quoad
720 3770 880 3866 majorem
903 3763 1087 3840 Bibliorurn
1102 3787 1183 3862 par-.-

324 4075 358 4133 (ι)
377 4068 487 4123 Histoire
505 4069 611 4138 critique
629 4069 662 4121 du
676 4069 756 4121 vieux
772 4065 878 4120 Testem.
891 4079 950 4132 pag.
967 4050 1026 4131 3rrss
